2754 4726
125 295 168 358 48
478 306 681 358 narnensis
703 307 898 358 meronmn

126 457 287 526 vivaciora
313 459 430 544 quibus
456 459 580 525 lentior.
617 460 727 544 Atque
752 461 788 526 in
815 471 917 526 totum
945 459 1073 545 corpori
1093 459 1245 528 arborum

124 573 162 626 ut
183 562 377 645 reliquorum
398 559 581 626 animalium
603 560 696 639 cutis,
727 560 870 647 sanguis,
898 582 985 639 caro,
1007 562 1109 638 nervi,
1132 584 1245 642 venae,

124 684 208 741 ossa,
230 662 397 741 medullae,
420 684 479 748 pro
502 673 575 727 cute
597 673 718 727 cortex.
740 661 863 726 Mirum
884 661 912 727 is
933 661 968 725 in
988 683 1088 740 moro,
1110 663 1246 730 medicis
1259 679 1282 727 ιε

125 785 238 827 sucum
260 762 497 846 quaerentibus,
526 784 602 827 vere
622 761 702 826 hora
724 762 787 826 diei
809 762 950 827 secunda
969 761 1077 846 lapide
1096 763 1245 832 incussus

123 875 243 943 manat,
255 864 350 929 altius
364 861 484 929 fractus
499 864 604 928 siccus
618 862 755 929 videtur.
777 861 931 928 Proxumi
942 863 1105 947 plerisque
1116 864 1253 950 adipes}

122 964 157 1030 bi
178 976 332 1031 vocantur
353 986 373 1028 a
394 964 500 1028 colors
521 962 701 1041 alburnum,
722 962 826 1027 mollis
841 985 878 1027 ac
892 984 1042 1048 pessuma
1057 986 1131 1049 pars
1150 964 1244 1052 ligni,

124 1066 221 1132 etiam
248 1064 283 1129 in
310 1063 425 1129 robore
452 1062 548 1128 facile
575 1073 774 1148 putrescens,
802 1062 937 1128 teredini
965 1062 1114 1143 obnoxia,
1142 1087 1245 1149 quare

124 1187 251 1251 semper
273 1164 507 1250 amputabitur3
535 1163 647 1229 subest
672 1163 749 1229 huie
770 1185 854 1240 caro,
884 1163 936 1228 cni
957 1185 1030 1230 ossa
1049 1165 1085 1230 id
1104 1176 1154 1231 est
1173 1190 1244 1232 ma-

123 1269 222 1333 terias
250 1277 426 1353 optumum.
462 1265 636 1331 Alternant
662 1266 785 1330 fructus
815 1263 932 1348 quibus
963 1265 1079 1332 siccius
1106 1266 1242 1354 lignum,
1257 1286 1282 1331 rr

122 1379 159 1433 ut
186 1368 272 1444 olea,
306 1368 410 1454 magis
439 1390 534 1451 quam
560 1367 678 1451 quibus
710 1389 895 1445 carnosum,
928 1375 966 1430 ut
992 1389 1130 1434 cerasus.
1174 1367 1244 1435 Nec

122 1470 270 1537 omnibus
292 1469 403 1555 adipes
425 1477 577 1535 carnesve
597 1470 718 1558 largae,
747 1468 839 1534 sicuti
865 1489 925 1533 nec
947 1468 1130 1534 animalium
1150 1491 1243 1535 acer·

121 1574 220 1638 rimis
255 1571 414 1637 Neutrum
439 1571 559 1637 babent
585 1569 703 1648 buxus,
727 1592 853 1647 cornus,
881 1570 961 1647 olea,
985 1592 1046 1636 nec
1069 1570 1243 1637 medullam

121 1675 363 1756 minumumqne
386 1673 483 1736 etiam
503 1671 680 1758 sanguinis,
704 1670 798 1737 sicuti
819 1692 892 1736 ossa
913 1693 977 1737 non
997 1671 1116 1737 habent
1136 1672 1243 1752 sorba,

121 1796 251 1841 carnem
273 1772 426 1850 sambuci,
448 1827 489 1837 ..
511 1782 544 1838 et
565 1773 747 1858 plurumum
774 1773 886 1839 ambae
912 1773 1094 1853 medullam,
1116 1827 1160 1840 ..
1180 1796 1243 1842 nec

120 1876 314 1941 harundines
335 1874 455 1939 maiore
477 1896 519 1939 ex
540 1884 640 1960 parte.

164 1982 215 2044 73.
237 1977 278 2042 In
291 1977 491 2062 quarundam
505 1976 655 2043 arborum
671 1976 820 2042 carnibus
834 1978 952 2064 pulpae
970 1999 1133 2063 venaeque
1148 1989 1240 2056 sunt3
1255 1995 1266 2040 1

121 2080 292 2145 discrimen
314 2101 423 2143 earum
444 2077 545 2142 facile.
567 2077 679 2144 Venae
694 2079 823 2144 latiores
838 2078 1102 2164 candidioresque
1122 2080 1241 2168 pulpae

119 2178 274 2246 fissilibus
295 2180 420 2257 insunt3
450 2179 523 2246 ideo
544 2180 582 2244 fit
602 2189 638 2244 ut
658 2203 735 2246 aure
757 2181 798 2244 ad
821 2193 916 2268 caput
944 2181 1044 2247 trabis
1065 2184 1242 2267 quamlibet

119 2282 312 2368 praelongae
333 2280 462 2345 admota
482 2280 566 2345 ictus
587 2282 627 2346 ab
649 2282 748 2347 altero
770 2281 874 2368 capite
888 2283 940 2348 vel
954 2283 1081 2369 graphii
1096 2285 1240 2349 sentian-

119 2391 182 2460 tur,
203 2391 392 2467 penetrante
413 2381 508 2446 rectis
529 2382 686 2447 meatibus
709 2404 798 2462 sono,
820 2384 907 2448 unde
928 2384 1178 2470 deprehenditur
1197 2409 1240 2451 an

118 2493 203 2548 torta
224 2483 264 2547 sit
284 2481 432 2546 materies
453 2481 608 2566 nodisque
630 2484 769 2548 concisa.
793 2482 921 2563 Quibus
937 2495 1013 2550 sunt
1027 2485 1141 2551 tubera
1155 2486 1240 2552 siout
1253 2501 1276 2546 u

118 2585 153 2648 in
175 2605 271 2648 carne
298 2583 438 2669 glandia,
465 2584 500 2647 in
520 2583 571 2648 his
592 2607 652 2650 nec
673 2607 756 2651 vena
777 2607 837 2650 neo
858 2585 968 2672 pulpa,
995 2587 1135 2670 quodam
1158 2588 1240 2654 callo

119 2685 223 2750 carnis
244 2683 278 2749 in
301 2707 335 2750 se
358 2685 540 2762 convolut03
562 2684 624 2750 hoo
644 2685 913 2771 pretiosissimum
933 2688 967 2751 in
989 2688 1069 2752 citro
1088 2699 1121 2752 et
1135 2710 1238 2756 acere.

120 2783 238 2852 Cetera
257 2800 440 2852 mensarum
462 2808 583 2873 genera
601 2786 686 2851 fissis
708 2785 877 2852 arboribus
893 2787 1088 2852 circinantur
1108 2790 1143 2852 in
1164 2790 1238 2876 pul·

117 2911 194 2974 pam
201 2913 211 2966 3
246 2887 387 2973 alioquin
412 2886 535 2974 fragilis
563 2898 648 2953 esset
679 2909 761 2952 vena
786 2887 820 2950 in
848 2888 956 2954 orbern
984 2889 1106 2954 arboris
1133 2913 1237 2958 caesa.

117 2986 220 3078 Fagis
245 2990 389 3086 pgon
416 2987 589 3054 transversi
614 2989 649 3053 in
675 2990 791 3075 pulpa3
818 2990 905 3075 apud
933 2991 1081 3075 antiquos
1102 2990 1178 3057 inde
1206 3003 1240 3058 et

152 3127 242 3189 Aeque,
254 3129 287 3177 K
306 3168 338 3177 ..
362 3134 416 3189 toto,
427 3129 479 3179 Kr.
498 3169 529 3178 ..
547 3126 648 3191 corpori,
662 3129 685 3177 d.
703 3143 808 3191 corpore,
819 3124 869 3189 οβ.
1191 3129 1200 3151 “

152 3193 242 3254 §182
269 3193 301 3252 ia,
318 3194 425 3245 Salmas.
444 3198 468 3245 d.
495 3194 669 3258 lu,a(codd.
686 3192 808 3258 Salmas.)
834 3195 891 3258 tia,
903 3197 935 3246 T.
958 3196 1030 3258 imus,
1047 3199 1115 3249 Pint.
1138 3196 1190 3260 lu‘r,
1206 3194 1237 3259 β.

118 3301 151 3311 ..
169 3275 230 3320 uere,
243 3262 326 3310 Tadr
337 3259 422 3320 (codd.
432 3261 553 3326 Salmas.)
562 3264 627 3326 sere,
639 3259 668 3324 β.
681 3303 712 3312 -
730 3263 844 3324 iamacuc,
856 3281 879 3313 a.
896 3264 991 3326 iurata,
1004 3266 1073 3315 Tdr.
1091 3265 1191 3324 mamea,
1203 3267 1237 3317 K.

117 3369 150 3378 ..
169 3326 253 3406 adipes
260 3325 387 3390 plerisque,
400 3329 424 3376 d.
449 3368 481 3377 ..
509 3327 577 3390 bia.
595 3324 704 3394 iidsty.
722 3370 754 3379 -
777 3329 864 3392 calare,
875 3347 898 3381 a.
917 3372 949 3381 ...
973 3333 1126 3392 arborum‚d.
1146 3373 1179 3382 -
1201 3341 1239 3382 eat

117 3396 335 3527 Obbollgd.leeae‚
349 3462 372 3510 d.
390 3501 423 3510 ..
440 3459 533 3520 habent,
549 3454 647 3512 OTad.
670 3461 748 3524 labet,
760 3460 788 3524 β.
807 3505 839 3514 ..
862 3481 958 3529 corace,⁸
971 3465 1023 3515 olea
1034 3483 1083 3527 aee,
1095 3468 1185 3517 Dalec.
1205 3504 1239 3527 ..,

118 3529 195 3592 noua,
207 3532 251 3579 ad.
268 3529 336 3588 sicut
348 3523 399 3593 βγ.
418 3529 537 3580 Ceterum
549 3529 614 3578 haec
624 3545 677 3579 non
689 3547 751 3581 sana
762 3533 878 3582 videntur
890 3533 1044 3584 Schneidero
1057 3537 1089 3584 ad
1101 3535 1237 3614 Theophr:

117 3596 330 3662 harpiarum.
346 3603 384 3658 la,
398 3603 421 3646 9.
440 3636 471 3644 -
494 3596 584 3658 sabuci,
595 3613 619 3647 a.
637 3638 668 3647 ..
686 3596 735 3660 aed,
746 3601 835 3650 Dalec.
854 3640 885 3648 -
906 3599 1032 3664 plurimae,
1044 3618 1067 3651 a.
1086 3641 1118 3651 ..
1138 3601 1239 3666 ,aalma

119 3667 144 3715 d.
161 3665 258 3716 Maiore
269 3680 298 3713 er
307 3662 414 3728 partein
426 3662 582 3727 quarundam,
594 3681 614 3714 r.

151 3733 237 3793 §lta
264 3731 362 3792 letioree,
375 3734 399 3781 d.
417 3772 448 3780 ..
459 3730 608 3794 fieeibilibur,
619 3750 643 3784 a.
662 3775 693 3784 ..
709 3733 815 3800 propitii,
828 3737 901 3785 codd.
914 3735 971 3786 Gel.
987 3733 1066 3799 praui,
1079 3737 1123 3785 ad.
1144 3736 1240 3801 prauis,

116 3800 150 3849 K.
169 3841 200 3850 ..
218 3799 341 3860 renuatur,
352 3815 376 3849 a.
392 3799 514 3861 imitatur,
526 3795 597 3864 (1th-

151 3871 237 3932 §¹⁸5-
267 3866 363 3926 Quibus,
376 3868 449 3918 Tad.
479 3866 633 3928 Quibusdam,
644 3864 673 3929 β.
697 3910 728 3918 -
750 3868 817 3930 sicat,
834 3871 871 3919 ita
882 3871 1095 3934 nosscripeimue.
1121 3869 1157 3920 ric
1172 3881 1237 3935 aaut,

117 3934 192 3985 Tad.
210 3935 270 3984 ricta
279 3941 341 3994 suut,
353 3928 382 3994 β.
400 3977 431 3984 ..
455 3933 499 3995 lia,
512 3953 535 3986 a.
551 3935 589 3997 iis,
602 3931 675 4000 ᾱβγ.
699 3936 818 3987 Cetorum
831 3954 846 3987 a
857 3939 962 3987 vocibus
975 3937 999 3986 in
1012 3936 1108 4000 birago
1121 3942 1239 4002 protasia

116 4001 218 4066 incipio,
231 4018 288 4052 cam
300 4003 379 4064 vulgo
391 3997 435 4067 βγ
446 4017 513 4052 nova
523 4004 583 4053 hinc
595 4005 714 4067 periodus
725 4005 836 4067 incipiat.
850 4045 882 4053 ..
900 4005 966 4065 citro,
982 3998 1099 4055 &Tadn
1116 4004 1194 4068 cedro,
1207 4002 1237 4068 β.

116 4109 148 4118 -
167 4069 324 4130 sarcirentur,
336 4086 359 4119 a.
379 4111 406 4119 ..
428 4069 540 4134 alioquin,
552 4072 598 4119 ad.
617 4069 713 4133 alioqui,
725 4065 775 4134 βγ.
789 4111 820 4119 -
839 4072 930 4133 arbore,
942 4073 1030 4122 Dalec.
1044 4113 1076 4122 ...
1094 4071 1178 4155 Sapie,
1190 4078 1238 4155 ad.

117 4193 148 4202 -
168 4154 275 4211 navarri,
287 4172 309 4204 a.
329 4154 477 4216 transversa,
490 4159 513 4205 d.
527 4197 557 4205 -
576 4139 623 4217 li,
636 4172 659 4204 a.
679 4196 709 4203 -
727 4162 816 4217 putum,
829 4172 851 4204 a.

151 4223 164 4286 5
179 4228 235 4272 186.
245 4220 358 4285 fluctuat,
370 4241 389 4272 r.
408 4223 559 4286 itafluctaat,
570 4224 616 4272 K¹.
626 4221 733 4284 fluctuat
744 4221 779 4269 ita
791 4237 858 4284 quae,
870 4224 916 4273 K'2.
926 4223 1020 4287 fluida,
1030 4226 1098 4275 Pint.
1116 4223 1238 4276 Ceterum

115 4303 139 4337 v.
153 4291 285 4355 Theophr.
297 4291 315 4340 l.
328 4292 345 4340 l.
358 4290 391 4340 V.
405 4299 428 4352 4,
442 4296 465 4340 8.
484 4332 514 4341 ..
533 4288 605 4351 sidat,
617 4306 636 4339 r.
657 4331 687 4338 -
710 4287 854 4346 Quibusdam
866 4292 920 4354 rel,
933 4293 1064 4356 Theophr.
1076 4293 1095 4342 l.
1107 4293 1126 4342 l.
1139 4292 1161 4343 1.
1175 4299 1199 4355 5,
1213 4301 1238 4344 4.
