2754 4726
175 270 235 335 180
520 279 723 328 nxrunxms
747 277 940 326 maranum
1005 265 1008 276 “

214 436 265 501 47.
298 431 344 496 Et
372 431 521 517 quoniam
549 430 589 493 de
617 429 747 514 frugum
774 438 941 511 terraeque
969 425 1141 512 generibus
1163 424 1292 491 abunde
1307 442 1354 488 lor

172 533 328 610 diximus,
354 554 440 596 nunc
462 532 503 596 de
525 529 637 594 arandi
659 529 781 593 ratione
809 528 967 604 dicemus,
994 537 1067 590 ante
1096 527 1203 591 omnia
1222 527 1292 617 Ae-

122 696 125 703 .
171 635 264 722 gypti
292 633 453 698 facilitate
472 639 717 697 conmemorata.
750 629 844 694 Nilus
870 628 915 692 ibi
938 627 1041 694 coloni
1062 628 1130 692 vice
1151 628 1293 716 iungens

171 735 311 821 evagari¹
323 732 450 817 incipit,
473 743 509 797 ut
524 731 680 808 diximus,
704 753 723 794 a
745 729 880 795 solstitio
902 740 956 794 aut
976 751 1058 793 nova
1079 729 1166 807 luna,
1187 730 1293 815 primo

169 835 272 914 lente,
294 835 369 900 dein
386 832 622 910 vehementius,
644 831 797 915 quamdiu
818 830 852 894 in
873 831 964 895 leone
987 829 1033 894 sol
1056 844 1120 908 est;
1143 852 1218 894 mox
1240 830 1292 914 pi-

170 933 292 1020 grescit
318 934 351 998 in
378 934 537 1022 virginem
565 943 767 1018 transgresso
793 942 889 1015 atque
920 932 954 995 in
986 929 1068 993 libra
1099 930 1221 995 residit.
1255 928 1292 994 Si
1308 946 1356 991 iss

171 1057 221 1098 xn
243 1034 352 1100 cubita
373 1056 438 1099 non
459 1032 613 1109 excessit,
636 1032 737 1096 fames
759 1042 846 1096 certa
868 1041 933 1108 est,
956 1053 1018 1095 nec
1038 1030 1158 1106 minus,
1185 1031 1212 1094 si
1233 1053 1293 1096 xvr

172 1134 394 1220 exsuperavit3
417 1144 505 1198 tauto
526 1133 610 1197 enim
631 1132 756 1196 tardius
776 1132 916 1210 decedit,
940 1142 1059 1214 quanto
1078 1131 1312 1202 abundantius.

175 1235 291 1312 crevit,
314 1245 346 1299 et
368 1246 541 1298 sementem
563 1243 661 1298 arcet.
692 1232 799 1320 Volgo
819 1231 1008 1297 credebatur
1029 1232 1199 1298 adeoessu
1224 1232 1293 1297 eius

173 1358 279 1401 serere
302 1336 410 1412 solitos
432 1359 507 1400 mox
534 1356 609 1399 sues
628 1334 781 1420 inpellere
804 1333 948 1419 vestigiis
971 1333 1091 1398 semina
1111 1334 1292 1418 deprimen-

172 1437 214 1502 tis
234 1437 267 1501 in
287 1437 416 1502 madido
437 1437 520 1514 solo;
545 1446 577 1500 et
597 1436 693 1501 eredo
707 1435 885 1520 antiquitus
900 1436 1091 1512 factitatum,
1113 1449 1357 1518 namquo-16⁹

173 1560 236 1623 que
262 1560 327 1602 non
355 1538 456 1603 multo
485 1537 633 1625 graviore
660 1559 773 1621 opera3
808 1536 865 1601 sed
893 1546 999 1601 tamen
1026 1536 1143 1600 inarari
1172 1545 1293 1601 certum

174 1648 223 1703 est
250 1637 374 1704 abiecta
402 1639 494 1724 prius
523 1638 645 1702 semina
671 1637 706 1700 in
731 1636 809 1701 limo
838 1636 977 1724 digressi
1005 1637 1124 1714 amnis,
1156 1636 1217 1701 hoc
1245 1647 1295 1701 est

173 1739 348 1804 Novembri
370 1760 479 1802 mense
500 1736 690 1823 incipiente;
712 1748 826 1822 postea
838 1738 936 1823 pauci
951 1749 1103 1816 runcant,
1126 1737 1213 1821 quod
1234 1735 1293 1802 bo-

174 1838 332 1904 tanismon
354 1848 486 1917 vocant3
509 1839 632 1921 reliqua
653 1861 730 1923 pars
751 1861 815 1902 uon
836 1838 899 1903 nisi
922 1861 995 1904 cum
1016 1839 1099 1903 falce
1120 1860 1197 1903 arva
1216 1837 1295 1903 visit

174 1942 272 2026 paulo
291 1952 366 2007 aute
380 1939 536 2007 kalendas
551 1939 686 2025 Aprilis.
709 1939 916 2026 Peragitatur
933 1951 1040 2004 autem
1055 1940 1169 2005 messis
1183 1962 1295 2005 mense

174 2040 281 2121 Maio,
305 2042 424 2128 stipula
437 2063 611 2125 numquam
626 2040 757 2104 cubitali
765 2064 774 2117 ;
796 2041 917 2126 quippe
933 2040 1079 2106 sabulum
1094 2041 1203 2106 subest
1217 2063 1294 2129 gra-

174 2164 314 2226 numque
335 2142 412 2206 limo
434 2152 557 2205 tantum
580 2141 767 2206 continetur.
801 2141 1023 2208 Excellentius
1044 2141 1220 2208 Thebaidis
1240 2152 1361 2208 re·1⁷⁰

174 2241 264 2326 gioui
285 2242 498 2318 frumentum,
520 2242 670 2324 quoniam
684 2242 837 2327 palustris
852 2241 1037 2330 Aegyptus.
1061 2240 1184 2307 Similis
1201 2241 1295 2320 ratio,

178 2342 235 2406 sed
256 2341 391 2407 felicitas
410 2342 512 2407 maior
526 2341 724 2426 Babyloniae
739 2339 916 2422 Seleuciae,
937 2343 1102 2429 Euphrate
1121 2354 1217 2427 atque
1235 2341 1295 2422 Ti·

175 2440 227 2526 gri
248 2441 526 2528 restagnantibus,
553 2442 704 2525 quoniam
731 2443 859 2529 rigaudi
886 2444 1000 2510 modus
1026 2444 1071 2509 ibi
1093 2467 1190 2508 manu
1212 2454 1295 2508 tem-

175 2552 317 2626 peratur.
341 2540 438 2626 Syria
458 2563 586 2625 quoque
608 2543 696 2607 tenui
718 2543 805 2608 sulco
828 2553 913 2622 arat,
937 2566 1010 2609 cum
1031 2544 1238 2609 multifariam
1259 2544 1295 2608 in

176 2641 269 2707 Italia
296 2644 402 2709 octoni
429 2645 529 2710 boves
557 2644 598 2708 ad
625 2643 767 2730 singulos
789 2666 933 2710 vomeres
955 2645 1113 2711 anhelent.
1145 2643 1184 2708 In
1206 2645 1295 2709 omni

175 2743 305 2827 quidem
332 2755 424 2830 parte
450 2745 591 2810 culturae
621 2744 677 2810 sed
703 2745 737 2808 in
757 2745 817 2810 hac
843 2768 992 2811 maxume
1019 2748 1104 2811 valet
1130 2746 1295 2811 oraculum

175 2843 271 2921 illud,
293 2844 371 2928 quid
393 2866 538 2928 quaeque
560 2846 648 2933 regio
669 2843 817 2928 patiatur.

209 3018 224 3080 ᾗ
238 3020 295 3068 167.
321 3025 344 3065 et
354 3017 493 3082 iufruyum,
504 3033 525 3067 r.
544 3059 575 3066 -
597 3015 702 3065 diximus
714 3023 736 3078 5,
750 3021 790 3069 57.
809 3059 840 3066 ..
858 3024 901 3065 aut
911 3034 981 3078 aava,
993 3020 1037 3067 ad.
1055 3025 1079 3066 et
1089 3033 1157 3078 aava,
1168 3019 1202 3068 K.
1223 3033 1295 3079 nova,

176 3084 243 3133 Pint.
261 3126 293 3133 ..
309 3087 395 3147 primo,
407 3087 461 3136 Td.
479 3101 496 3133 a
503 3085 589 3148 primo,
602 3101 625 3135 a.
643 3101 673 3133 ac
681 3084 766 3148 puato,
777 3079 806 3145 β,
825 3122 862 3132 -.
875 3082 936 3147 dein
949 3088 993 3135 ad.
1012 3083 1103 3147 deiude,
1114 3081 1166 3149 βγ.
1184 3125 1216 3135 ..
1233 3084 1295 3134 resi·

178 3148 220 3209 dit,
232 3152 268 3199 ita
279 3167 326 3201 nos
339 3154 490 3215 scripsimus.
508 3152 601 3214 residet,
614 3149 703 3216 adssr.
721 3153 780 3202 Vid.
794 3158 817 3212 5,
830 3153 870 3200 57.

211 3218 296 3278 §litia
323 3219 451 3279 excesserit,
464 3237 483 3268 r.
502 3261 533 3268 ..
555 3219 712 3284 exsuperabit,
725 3235 747 3270 a.
770 3261 801 3269 -
825 3218 942 3280 decrescit,
955 3220 987 3269 Τ.
1012 3261 1042 3268 -
1065 3217 1257 3281 adeceasuer'us,
1270 3221 1294 3269 d.

178 3298 207 3330 ac
219 3280 312 3330 decessu
324 3285 380 3344 eius,
390 3301 413 3334 a.
431 3287 461 3332 ab
470 3285 520 3332 eius
528 3285 629 3346 decessu,
637 3283 688 3351 βγ,
702 3328 732 3335 ..
751 3285 839 3347 solitae,
849 3304 871 3336 a.
884 3328 914 3335 ..
934 3284 958 3334 iu
967 3284 1071 3346 madido,
1081 3288 1104 3336 d.
1122 3293 1145 3334 et
1154 3283 1260 3343 madido,
1270 3301 1294 3336 a.

212 3351 226 3410 §
241 3355 296 3399 169.
321 3350 443 3414 praviora,
456 3353 567 3414 Tadrr.
587 3392 616 3401 ..
636 3353 725 3400 abiecto
733 3353 803 3414 priua
815 3354 906 3414 semiue,
919 3355 951 3403 K.
971 3394 1002 3402 -
1020 3352 1126 3417 digressi,
1139 3357 1162 3403 d.
1180 3351 1294 3418 depressi,

182 3408 260 3466 OTa.
282 3456 306 3463 -
335 3416 423 3478 loefit,
436 3418 487 3466 Ta.
507 3457 538 3465 ..
561 3417 635 3479 quod3
648 3433 694 3479 pro
708 3420 733 3466 h.
745 3434 769 3467 v.
783 3421 878 3469 habent
885 3419 961 3484 pauci
970 3423 1014 3470 ad.
1034 3463 1063 3470 ,.
1091 3420 1293 3484 Peraqitatur,a.

177 3481 300 3546 Apitatur,
313 3485 336 3531 d.
356 3483 491 3548 strepitur,
503 3479 554 3547 βγ.
574 3524 605 3532 -
623 3499 714 3542 messes,
726 3500 750 3533 a.
770 3527 799 3534 -
819 3502 894 3534 menae
905 3487 984 3548 Maio,
995 3488 1048 3537 Tu.
1065 3487 1143 3548 Maio,
1156 3483 1226 3550 ufir.

212 3550 297 3610 §lto
323 3549 539 3610 Excelleutabue,a.
558 3591 590 3598 -
612 3550 742 3614 reqioaia.
765 3552 874 3616 regionis,
887 3556 910 3604 d.
934 3555 1106 3619 recumbunt.
1129 3595 1160 3603 ..
1183 3552 1294 3619 Babylo·

177 3617 233 3666 niae
244 3617 374 3678 Seleuciae,
386 3619 491 3668 Barbar.
503 3619 556 3667 Ka
574 3624 597 3664 et
607 3616 759 3685 Babyloniae
770 3636 799 3668 aa
811 3619 938 3682 Seleuciae,
951 3625 975 3672 d.
992 3620 1116 3687 Babyloni
1125 3638 1155 3669 ac
1163 3619 1295 3682 Seleuciae,

176 3680 206 3745 β.
225 3725 256 3734 ..
275 3693 340 3746 arat,
353 3701 403 3734 om.
415 3700 438 3734 a.
455 3685 489 3734 V.
502 3685 632 3748 Theophr.
645 3686 676 3735 de
688 3700 755 3736 cans.
767 3688 846 3751 plant.
858 3688 908 3738 111.
921 3695 961 3750 20,
975 3695 997 3741 5.
1016 3729 1047 3739 ..
1065 3686 1243 3752 multifariae.
1262 3729 1294 3737 -

177 3751 259 3811 odoni,
272 3768 295 3801 u.
312 3793 344 3800 -
363 3751 418 3812 lac,
428 3754 452 3802 d.
470 3767 507 3813 ac,
519 3767 541 3800 a.
560 3751 606 3800 hac
616 3751 717 3815 quidem,
728 3751 780 3818 βγ.
792 3797 824 3804 -
843 3753 917 3817 illum,
929 3772 952 3806 a.
972 3797 1003 3806 ..
1020 3754 1079 3819 quid
1089 3771 1151 3818 qaae
1163 3753 1237 3818 reaia,
1249 3758 1294 3806 ad.

176 3820 211 3869 V.
223 3818 321 3881 Vergil.
333 3833 419 3882 georg.
433 3824 456 3879 1,
469 3825 509 3870 53.

211 3888 225 3949 ξ
240 3888 296 3936 171.
314 3885 421 3948 iuflexus,
433 3888 469 3936 ita
481 3901 530 3956 nos
542 3889 693 3952 scripsimus.
711 3887 801 4018 tycia,
813 3890 886 3940 Tud.
903 3888 1011 3951 trasarius,
1022 3890 1093 3939 Brot-
1106 3904 1121 3938 e
1133 3892 1215 3950 codd,
1230 3905 1295 3953 quos

176 3953 395 4014 fluxussvinetun
408 3962 433 4003 et
442 3955 500 4004 edit.
512 3956 591 4018 princ.
603 3969 626 4019 r.
646 3956 702 4008 Om.
737 3993 743 4006 .
762 3957 785 4005 iu
790 3955 882 4018 filicem
893 3957 934 4006 vel
946 3954 1078 4020 difficilem,
1089 3957 1157 4007 Pint.
1172 3997 1203 4006 ..
1218 3971 1294 4020 prae·

176 4017 257 4078 densa,
270 4023 306 4069 αἳ.
325 4061 355 4070 ..
376 4020 526 4084 priusquam,
538 4024 561 4071 d.
580 4023 658 4086 prius,
670 4040 693 4074 a.
717 4064 748 4073 ..
770 4023 871 4073 rostrati
879 4023 921 4085 uti,
933 4024 969 4073 ita
980 4040 1026 4074 nos
1038 4025 1191 4088 scripsimus.
1213 4031 1295 4072 rostra

174 4085 217 4146 uti,
229 4089 274 4136 ad.
292 4087 397 4149 rostrati,
408 4083 460 4152 βγ.

209 4155 223 4216 ξ
239 4157 295 4205 172.
322 4161 345 4202 et
355 4157 453 4216 mutim,
468 4150 566 4208 Orat.
583 4157 682 4217 acutior,
694 4159 762 4208 Piut.
775 4174 794 4207 r.
803 4157 847 4206 sed
853 4154 1017 4220 exundanti.
1030 4199 1061 4208 ..
1073 4157 1207 4222 fastigata,
1220 4159 1293 4208 Tad.

166 4217 308 4285 smtiyr'atu,
320 4217 349 4283 β.
369 4264 400 4272 ..
417 4221 504 4287 plaudi
513 4223 641 4287 occludens,
653 4240 676 4274 a.
694 4266 725 4274 ..
744 4233 831 4286 secant,
843 4228 889 4275 ad.
908 4267 940 4275 -
958 4224 1024 4287 Noa,
1036 4229 1080 4277 ad.
1103 4223 1137 4275 Id
1147 4241 1199 4287 aaa,
1211 4220 1241 4286 β.
1261 4265 1292 4275 -
