2754 4726
410 1151 465 1253 C.
502 1151 675 1254 PLlNl
710 1151 994 1256 SECUNDI

144 1426 148 1434 ·
211 1393 700 1514 NATURALIS-
739 1393 1202 1513 HISTORIAE

570 1621 718 1696 LIBER
744 1621 843 1695 XIX.

632 1812 785 1822 --..

191 1940 296 2010 Suom
315 1947 343 2011 1.
367 1910 530 2014 Siderum
556 1964 683 2028 quoque
710 1952 998 2030 tempestatumque
1030 1942 1112 2007 ratio
1137 1941 1191 2007 vel
1215 1940 1324 2015 in-§r

146 2045 261 2130 peritis
282 2045 368 2111 faoili
390 2054 485 2127 atque
505 2042 683 2109 indubitato
704 2045 799 2110 modo
821 2043 1034 2109 demonstrata
1049 2052 1106 2120 est,
1128 2061 1267 2125 vereque

146 2143 409 2231 intellegentibus
429 2166 494 2208 non
514 2142 621 2209 minus
632 2145 798 2210 conferunt
810 2166 886 2208 rura
900 2141 1165 2229 deprehendendo
1179 2143 1268 2208 eaelo

146 2262 244 2326 quam
265 2242 411 2308 sideralis
433 2243 564 2329 seientia
585 2264 665 2330 agro
686 2244 830 2311 eoleudo.
861 2243 1057 2309 Proxumum
1078 2241 1172 2308 multi
1192 2241 1295 2307 hor-²

148 2352 252 2408 torum
283 2364 392 2408 euram
424 2343 528 2409 feeere
534 2366 544 2419 3
577 2342 671 2409 nobis
704 2366 768 2410 uon
801 2345 948 2431 protinus
975 2341 1110 2408 mansue
1139 2342 1181 2406 ad
1207 2342 1269 2407 ista

147 2443 369 2528 tempestivom
390 2443 531 2521 videtur,
558 2444 775 2529 miramurque
802 2445 925 2528 aliquos
952 2442 1104 2508 scientiae
1130 2442 1269 2530 gratiam

148 2542 375 2609 eruditionisve
396 2544 531 2630 gloriam
552 2567 593 2610 ex
613 2544 664 2609 his
685 2544 823 2631 petentis
844 2553 909 2609 tam
930 2543 1031 2607 multa
1049 2542 1267 2627 praeteriisse,

147 2643 235 2708 nulla
256 2644 417 2710 mentione
438 2644 547 2710 habita
562 2654 608 2709 tot
621 2667 729 2709 rerum
744 2655 857 2729 sponte
872 2665 987 2709 aurave
1000 2642 1267 2727 provenientium,

147 2744 337 2825 praesertim
348 2766 420 2809 oum
431 2743 592 2828 plerisque
604 2766 713 2808 earum
724 2744 828 2828 pretio
839 2765 963 2827 usuque
971 2743 1055 2808 vitae
1062 2742 1164 2807 maior
1171 2743 1268 2808 etiam

148 2862 244 2925 quam
257 2841 406 2930 fiugibus
420 2844 627 2928 perhibeatur
642 2843 822 2909 auotoritas.
844 2843 956 2927 Atque
965 2852 1003 2908 ut
1017 2865 1037 2906 a
1051 2843 1204 2907 confessis
1219 2865 1268 2908 or·

148 2941 273 3006 diamur
297 2942 489 3009 utilitatibus
515 2964 659 3027 quaeque
684 2965 750 3008 non
775 2943 879 3008 solum
904 2953 1005 3007 terras
1028 2941 1131 3008 omnis
1156 2965 1268 3008 verum

50 3042 55 3053 ‘
149 3042 246 3108 etiam
259 3043 360 3107 maria
374 3043 549 3128 replevere,
562 3043 688 3122 seritur,
704 3064 742 3108 ao
757 3042 821 3109 dioi
834 3064 938 3126 neque
949 3043 1031 3108 inter
1040 3044 1153 3130 fruges
1163 3065 1268 3127 neque

147 3140 231 3204 inter
250 3141 409 3206 hortensia
430 3153 554 3226 potest,
576 3142 687 3209 linum.
716 3141 784 3208 Sed
803 3143 838 3208 iu
857 3165 921 3226 qua
939 3164 1004 3208 non
1022 3153 1169 3208 occurret
1182 3144 1293 3209 vitaee

148 3249 251 3321 parte,
283 3242 409 3322 quodve
428 3243 616 3308 miraculum
636 3245 738 3308 maius
757 3243 889 3310 herbam
909 3266 980 3310 esse
998 3265 1080 3327 quae
1100 3243 1268 3309 admoveat

148 3335 339 3422 Aegyptum
347 3339 459 3405 Italiae
469 3342 504 3405 in
516 3350 639 3405 tantum
649 3351 686 3405 ut
698 3341 849 3408 Galerius
861 3365 881 3407 a
891 3344 971 3409 freto
984 3341 1111 3409 Siciliae
1121 3343 1267 3408 Alexan·

148 3436 250 3503 driam
260 3447 407 3522 septuma
417 3438 468 3504 die
483 3439 678 3524 pervenerit,
695 3439 852 3507 Balbillus
869 3454 975 3521 sexta,
994 3443 1087 3509 ambo
1101 3443 1266 3529 praefecti,

181 3651 224 3700 Ad
240 3652 308 3701 huno
323 3652 416 3701 librum
433 3651 480 3699 toti
497 3657 555 3700 suut
571 3655 669 3703 excussi
686 3658 755 3717 aod3
773 3657 804 3705 de
817 3658 903 3707 codice
914 3657 939 3706 D
951 3670 974 3705 v.
987 3659 1019 3706 ed
1031 3657 1123 3705 librum
1134 3657 1219 3718 xlv,
1237 3659 1267 3706 de

147 3718 302 3780 Pseudo-Ap
320 3719 388 3768 uleio
401 3717 560 3770 Salmasiano
572 3720 650 3781 praef.
663 3723 713 3771 vol.
727 3721 747 3771 Ι.
761 3738 786 3786 p.
798 3724 877 3784 XLI,
889 3724 941 3773 vol.
955 3722 987 3772 V.
1000 3739 1025 3786 p.
1037 3722 1090 3772 XV
1102 3737 1172 3788 seqq.

182 3786 233 3847 §t
259 3734 371 3834 Siddrum
387 3783 489 3847 quiden,
504 3786 571 3836 Pina
596 3826 626 3834 -
653 3785 813 3837 amesseae
828 3797 870 3851 eet,
886 3790 961 3839 rad.
988 3795 1120 3837 monetata
1137 3788 1179 3851 eet,
1198 3760 1265 3854 ostis.

148 3857 286 3910 monstratu,
298 3851 330 3900 K.
349 3892 379 3901 ..
400 3867 504 3914 vereque,
516 3854 580 3902 aod.
604 3868 682 3902 veram
695 3854 761 3918 quia,
774 3856 806 3905 Κ.
826 3897 856 3905 -
875 3855 982 3916 siderali,
993 3871 1016 3905 a
1037 3855 1182 3916 eiderabv'liv,
1195 3872 1217 3906 a.
1236 3896 1264 3906 ..

148 3915 254 3965 scientia.
271 3914 339 3980 Aqro
350 3916 445 3966 colendo
452 3918 598 3981 proximam,
609 3921 675 3970 Pint

182 3980 233 4041 §2
251 3982 376 4043 Proxima,
388 3987 452 4035 aod.
471 4027 501 4034 -
521 3984 620 4049 aliquos,
631 3988 705 4036 D²d.
724 4004 788 4050 quos,
800 3988 886 4038 D¹ao.
905 3987 1026 4052 quosdam,
1037 3984 1089 4053 βγ.
1104 4031 1134 4038 -
1152 3989 1266 4054 qratiam,

148 4049 211 4097 aod.
228 4049 319 4112 qratia,
331 4045 381 4114 βγ.
401 4067 494 4116 proves,
505 4053 550 4102 K'.
571 4061 662 4116 pratos,
674 4054 723 4103 11².
744 4094 774 4103 ..
793 4052 964 4116 emditionisve,
977 4056 1050 4106 Tad.
1074 4055 1267 4118 maditione'suaa

148 4129 171 4164 o.
189 4113 325 4164 auditionis
335 4133 402 4179 suae,
411 4114 461 4182 βγ.
482 4160 512 4168 -
526 4119 671 4183 perhibetur,
683 4122 745 4170 aod.
766 4159 795 4168 ..
814 4122 917 4185 confessi
927 4129 1041 4183 ortorum,
1053 4138 1074 4172 o.

182 4183 232 4245 §a
260 4183 369 4246 acerris,
384 4187 408 4236 d.
428 4226 458 4236 ..
482 4185 614 4249 Balbillae,
631 4187 701 4249 Lips.
718 4187 752 4236 ad
768 4187 850 4237 Tacit
867 4189 1071 4252 annal.12,22.,
1089 4190 1213 4240 Latroun.
1231 4205 1266 4239 re·
1292 4191 1299 4204 ⁶
