2754 4726
116 296 159 358 80
467 304 671 350 marmus
691 303 886 350 nts‘romau

118 457 201 524 Sunt
224 457 281 541 qui
307 455 438 541 pulvere
466 477 594 539 quoque
620 476 700 518 uvas
728 453 770 518 ali
794 453 938 518 iudicent
963 453 1238 541 pubescentisque

117 558 284 645 pulverent
306 572 338 621 et
360 556 471 620 vitium
492 554 706 638 arborumque
726 553 890 619 radicibus
904 555 1112 644 adspergant.
1135 554 1238 638 Quod

116 670 241 726 certum
271 673 320 722 est
351 655 553 723 Narbonensi
579 655 762 742 provinciae
788 668 821 720 et
847 654 1024 721 vindemias
1045 656 1168 723 certius
1188 656 1237 723 sio

117 761 228 846 coqui,
249 761 386 846 plusque
407 757 512 844 pulvis
531 757 578 822 ibi
600 778 696 839 quam
717 755 765 820 sol
785 756 917 821 confert

159 861 191 925 6.
222 858 308 924 Fimi
329 860 437 945 plures
457 855 673 933 differentium
705 856 779 941 ipsa
803 878 857 921 res
876 856 1018 941 antiqua.
1053 856 1126 922 lam
1146 859 1236 945 apud
1248 877 1277 921 ao

118 961 299 1027 Homerum
327 960 438 1045 regim
468 981 567 1023 senex
595 980 710 1044 agrum
734 957 780 1021 ita
801 956 977 1022 laetificans
997 957 1065 1023 suis
1085 958 1237 1025 manibus

117 1065 285 1150 reperitur.
317 1061 451 1147 Augeas
471 1082 529 1124 rex
550 1058 628 1124 baec
648 1058 682 1122 in
705 1056 846 1123 Graecia
865 1059 1064 1145 excogitasse
1084 1061 1235 1157 traditur,

117 1165 298 1249 divolgasse
329 1183 407 1226 vero
434 1159 593 1225 Hercules
618 1159 653 1223 in
677 1157 772 1223 Italia
798 1179 881 1241 quae
907 1159 978 1246 regi
1003 1182 1063 1224 suo
1084 1156 1236 1226 Stercuto

117 1263 224 1329 muni
242 1262 309 1328 tuo
330 1260 372 1326 ti
392 1234 633 1326 initimum
647 1259 902 1324 inmortalitatem
918 1259 1041 1325 taint
1061 1259 1111 1324 m.
1127 1259 1235 1326 vm

116 1365 331 1453 principatum
352 1362 408 1426 dat
431 1362 596 1428 turdorum
616 1361 692 1426 iimo
713 1383 754 1425 ex
774 1359 921 1438 aviariis,
947 1361 1036 1445 quod
1055 1362 1155 1426 etiam
1176 1385 1234 1449 pa·

116 1468 192 1533 bulo
213 1465 310 1530 boum
331 1486 488 1548 suumque
509 1463 702 1549 magnificat,
724 1483 828 1544 neque
846 1461 908 1527 alio
922 1462 994 1527 cibo
1008 1463 1146 1528 celerius
1160 1463 1234 1550 pin·

117 1589 272 1655 guescere
293 1565 477 1639 adseverat;
499 1563 540 1628 de
561 1564 679 1627 nostris
699 1562 841 1626 moribus
861 1560 943 1626 bene
964 1584 1095 1648 sperare
1116 1576 1184 1643 est,
1206 1564 1233 1631 ei

118 1682 205 1733 tanta
225 1667 313 1752 apud
334 1666 472 1730 maiores
493 1665 580 1728 fuere
602 1663 721 1726 aviaria
741 1673 778 1725 ut
799 1685 841 1726 ex
860 1662 912 1728 bis
932 1663 1005 1748 agri
1018 1675 1235 1731 stercoraren·

118 1782 180 1834 tur.
206 1768 401 1831 Proxumum
424 1762 602 1828 Columella
623 1762 835 1841 columberiis,
858 1786 932 1827 mox
952 1763 1127 1849 gallinariis
1146 1765 1234 1844 facit,
1246 1783 1274 1828 tl

117 1867 294 1934 natantium
315 1866 425 1930 alitum
439 1865 600 1930 damnato.
624 1862 733 1930 Ceteri
747 1877 892 1929 auctores
907 1887 1066 1930 consensu
1078 1865 1235 1932 humanas

26 2016 31 2026 ·
118 1969 209 2057 (lepis
231 1967 273 2032 ad
293 1966 353 2032 hoo
374 1966 519 2053 inprimis
541 1965 708 2031 advocant.
732 1964 800 2029 Alii
821 1988 863 2030 ex
877 1965 926 2029 bis
940 1966 1235 2054 praeferuntpotua

117 2071 295 2145 hominum,
327 2069 361 2132 in
387 2069 594 2132 coriariorum
615 2065 751 2131 officinis
772 2065 838 2150 pilo
863 2067 1061 2146 madefmtot
1095 2068 1150 2133 alii
1176 2092 1236 2156 per

118 2196 205 2248 sese,
238 2192 321 2254 aqua
351 2169 468 2232 iterum
495 2167 678 2252 largiusque
706 2167 800 2248 etiam
822 2188 918 2250 quam
939 2190 1011 2233 cum
1031 2167 1157 2234 bibitur
1176 2170 1236 2237 ad·

119 2272 226 2335 mixta.
264 2266 395 2353 Quippe
422 2270 496 2354 plus
522 2268 587 2332 iam
612 2266 658 2332 ibi
686 2268 761 2332 mali
782 2267 975 2332 domandum
1001 2278 1064 2346 est,
1097 2292 1174 2335 cum
1193 2273 1234 2336 ad
1248 2287 1277 2332 52

118 2372 207 2439 virus
227 2369 306 2435 illud
327 2369 392 2434 vini
413 2368 508 2435 homo
529 2369 709 2433 accesserit
741 2367 834 2434 Haec
855 2381 929 2434 sunt
950 2370 1125 2435 certamina
1145 2371 1233 2436 invi·

118 2494 250 2555 cemque
273 2470 314 2533 ad
336 2469 482 2534 tellurem
503 2470 649 2535 alendam
672 2491 800 2554 quoque
820 2481 955 2535 utuntur
974 2470 1128 2537 homines.
1150 2471 1234 2539 Pro-

117 2595 214 2638 xume
236 2570 407 2655 spurcitias
428 2593 520 2635 suum
542 2571 683 2648 laudant,
706 2570 883 2637 Columella
902 2573 989 2637 solus
1002 2572 1142 2637 damnat.
1164 2568 1235 2639 Atii

118 2674 346 2756 cuiuscumque
367 2672 574 2758 quadripedis
596 2695 636 2737 ex
658 2673 776 2757 cytiso,
804 2673 901 2756 aliqui
923 2673 1118 2739 columbaria
1139 2697 1234 2760 prae-

119 2863 145 2896 re
157 2848 229 2895 dixit.
242 2847 309 2894 unde
320 2845 396 2893 etiam
408 2845 450 2892 bic
462 2845 533 2894 iocus
545 2845 628 2907 arguit
639 2845 715 2893 libros
727 2846 849 2894 nnturnlis
861 2845 981 2894 historiae
992 2852 1051 2908 post
1062 2852 1171 2895 mortem
1184 2847 1237 2895 edi·

119 2926 166 2972 tos,
182 2915 230 2963 nisi
247 2914 363 2962 lacunam
379 2913 465 2976 aliquo
482 2913 508 2960 in
523 2914 580 2961 loco
597 2921 706 2960 statuere
723 2912 792 2960 velis.
811 2954 842 2962 -
861 2911 1030 2972 Narbonensi,
1042 2928 1064 2961 a
1082 2910 1236 2962 Norbonien·

119 2981 159 3042 eta,
176 2985 199 3030 d.
221 2979 392 3040 Narbonensis,
409 2981 439 3028 Τ.
459 3019 489 3027 -
508 2977 593 3026 certine
608 2978 643 3025 sic
655 2978 730 3041 coqui,
748 2981 784 3027 ita
799 2982 970 3043 reponendum
986 2995 1019 3028 ex
1035 2981 1109 3029 codd.
1127 2980 1194 3030 inter
1208 2995 1235 3031 sc

120 3050 228 3098 collatis.
247 3047 332 3096 certius
343 3047 404 3095 eicco
417 3044 486 3110 quod,
495 3063 518 3096 a.
536 3045 571 3094 ric
583 3045 667 3094 certius
681 3046 756 3108 coqui,
765 3049 813 3096 Td.
832 3046 900 3095 eitius
910 3045 945 3094 aie
955 3045 1030 3109 coqui,
1043 3046 1190 3097 Schneider.
1202 3050 1235 3098 sd

121 3115 221 3165 Colum.
234 3116 280 3163 IV.
294 3122 334 3173 28,
349 3122 370 3165 l.
388 3115 474 3164 certius
484 3113 519 3163 ric
530 3130 556 3163 eo
568 3113 643 3177 coqui,
654 3109 704 3178 βγ.
718 3154 748 3162 -
765 3112 872 3177 pinuque,
883 3115 956 3164 Tad.
974 3113 1031 3176 qaia
1040 3112 1102 3177 plu,
1114 3110 1166 3178 βγ.

154 3181 169 3240 ἓ
183 3188 222 3230 50.
240 3182 294 3241 ipsa
305 3197 338 3238 re,
350 3183 382 3231 K.
397 3223 427 3231 -
447 3183 574 3232 Homerum
587 3182 676 3246 Odyss.
689 3197 722 3243 ω,
735 3188 792 3231 225.
807 3223 837 3232 -
856 3181 987 3243 locoficum
997 3180 1047 3229 suin
1059 3181 1175 3243 monibus,
1187 3184 1234 3232 ad.

119 3247 169 3294 suti
177 3247 284 3293 monibus
296 3245 434 3309 laettficune,
446 3245 497 3311 βγ.
521 3249 662 3313 laetificans,
675 3266 694 3299 r.
713 3290 743 3298 -
767 3248 832 3311 boec,
848 3243 917 3299 oud.
936 3249 1023 3300 Omitc
1034 3243 1087 3311 βγ.
1106 3289 1138 3298 ..
1162 3265 1233 3312 qim,

121 3329 171 3428 pm.
184 3330 206 3361 a.
235 3353 265 3360 -
292 3311 407 3372 Stercuto,
426 3306 553 3365 OTKnn
581 3315 705 3376 stercutio,
721 3312 751 3377 β.
778 3358 809 3366 ..
843 3316 922 3366 Varro
939 3317 970 3365 de
985 3331 1012 3365 re
1024 3323 1085 3365 rust
1100 3321 1123 3376 l,
1136 3323 1178 3367 ³8.
1202 3357 1233 3367 ..

136 3396 210 3439 ouum,
223 3395 245 3428 a.

154 3453 221 3512 §5¹-
247 3446 361 3503 Primum,
373 3446 441 3494 Pint.
459 3485 489 3493 -
512 3444 638 3493 Columella
650 3448 684 3495 11.
699 3455 738 3507 14,
754 3455 774 3497 1.
794 3490 824 3499 ..
843 3449 1119 3511 monumemtum.
1138 3492 1170 3501 -
1190 3467 1235 3516 ρο-

121 3513 291 3629 τιωΙιοιηίηιιέ,
304 3516 327 3562 d.
348 3512 426 3575 pontt
437 3509 595 3572 hominumn.
619 3512 733 3562 bominum
743 3513 881 3581 potunssy.
906 3560 935 3568 -
965 3517 1125 3579 combriontm,
1138 3518 1236 3569 Sabell.

120 3581 234 3632 coriorum
284 3581 357 3630 Tad.
1176 3612 1180 3617 -

154 3654 221 3714 §52-
237 3619 303 3706 'iarn
316 3663 366 3696 om.
379 3663 401 3694 a.
422 3687 452 3694 -
471 3645 536 3707 mali,
550 3648 573 3694 d.
591 3645 660 3707 male,
672 3643 721 3708 ati.
740 3689 771 3697 ..
790 3649 938 3713 domandum,
948 3655 972 3702 d
990 3651 1129 3716 domandus,
1141 3668 1183 3703 ar.
1207 3694 1232 3704 .-

120 3716 270 3778 invicemque,
281 3717 315 3765 Ι),
333 3713 481 3776 invicemque,
494 3716 537 3762 ad.
555 3713 639 3776 quibua
651 3714 757 3777 inuicem,
769 3713 819 3781 βγ.
833 3761 864 3768 -
883 3719 993 3769 alendam
1004 3735 1100 3783 quoque,
1113 3722 1159 3771 ad.
1177 3737 1235 3784 quo·

121 3799 166 3847 que
177 3781 294 3844 alendum,
305 3778 357 3847 βγ.
376 3823 407 3830 -
428 3779 556 3830 Columella
567 3782 601 3831 11.
617 3789 655 3842 14,
669 3789 692 3832 4.
712 3824 742 3832 -
760 3783 841 3848 solum,
853 3791 899 3837 ad.
915 3804 991 3848 auum,
1006 3782 1034 3836 θ.
1055 3829 1085 3836 -
1103 3787 1235 3852 amcitiac,

121 3867 144 3902 a.
162 3850 290 3907 exitiosum,
302 3867 322 3899 r.
340 3891 371 3898 -
390 3848 564 3911 columbarium,
576 3867 595 3899 r.
614 3849 777 3914 columbarias,
789 3855 835 3904 K'.
852 3854 1017 3917 columborum,
1032 3856 1078 3906 11².
1092 3896 1123 3904 -
1142 3855 1172 3904 ob
1183 3854 1235 3917 bue,

121 3934 144 3967 a.
164 3960 194 3968 ..
213 3915 274 3977 dein,
287 3933 310 3966 a.
328 3914 418 3976 deinde,
431 3914 501 3980 dssr.
522 3960 552 3967 ..
571 3918 713 3978 novissimus,
726 3936 748 3968 a.

155 3988 170 4050 ξ
183 3992 222 4036 53.
248 4001 302 4045 uon,
313 3984 415 4034 DTad.
433 3993 466 4045 ut,
477 3987 579 4035 Barbar.
592 3981 642 4051 βγ.
663 4029 694 4037 -
712 3987 806 4036 invente
816 3987 958 4052 inpene‘orum
969 3989 1056 4049 rettuli,
1067 3991 1103 4039 ita
1114 3999 1161 4040 not
1174 3992 1235 4040 scri·

120 4054 223 4115 primus.
250 4050 340 4100 invenio
355 4050 442 4113 rettuli,
456 4069 478 4102 a.
505 4053 610 4102 incertior
625 4053 697 4114 ettuli,
714 4057 737 4103 d.
764 4054 964 4117 inveniorettoli,
980 4058 1013 4106 D.
1040 4056 1169 4105 inveniere
1182 4055 1234 4117 nit,

121 4120 224 4168 Barbnr.
238 4120 261 4169 T
266 4115 316 4182 βγ.
343 4119 434 4183 Spreta
448 4123 553 4171 Barbari
568 4130 593 4170 et
608 4123 698 4184 partim
715 4122 828 4184 ipsorum
841 4126 912 4173 codd.
924 4125 1120 4189 interpolatione
1131 4126 1233 4187 reposui

121 4190 188 4250 quod
200 4188 259 4236 buic
271 4190 329 4237 loco
341 4188 414 4237 unice
426 4198 513 4253 aptum
523 4197 582 4238 erat.
601 4190 667 4238 Plin.
677 4189 773 4238 scilicet
781 4199 807 4239 et
815 4191 857 4239 hic
866 4191 1053 4254 simplicitatem
1063 4200 1088 4241 et
1095 4193 1234 4243 utilitatem

121 4255 252 4304 vetustatis
268 4256 370 4319 eiusque
386 4265 519 4320 praecepta
536 4256 667 4306 subtilibus
684 4257 791 4306 inventis
804 4259 972 4308 recentiorum
989 4260 1102 4324 opponit,
1123 4273 1233 4324 quorum
