2754 4726
391 262 393 269 ⁴
433 285 502 332 orn.
519 287 607 334 xvn.
636 286 715 333 cur.
729 290 766 349 n.
796 287 895 336 secr.
912 290 931 331 e.
1207 277 1244 337 71

124 445 183 513 est,
206 443 243 498 ut
262 435 296 498 in
310 433 484 523 Aegypt03
507 436 703 501 continuatio
718 438 802 502 enim
817 439 935 523 etipsa
949 437 1146 504 consuetudo
1160 439 1245 505 idem

123 534 210 620 qnod
232 534 346 600 modus
369 535 469 601 aliubi
491 535 600 614 efficit,
627 536 873 622 plurumumque
895 538 1028 623 prodest
1049 539 1245 625 ubicumque

122 658 186 700 non
207 658 279 700 esse
301 637 388 722 quod
409 647 534 702 noceat.
556 636 596 701 In
617 637 735 702 maiore
757 648 847 724 parte
869 639 965 718 orbis,
989 661 1061 705 curn
1074 663 1245 726 praecoces
1259 661 1290 705 rs

121 759 292 802 excurrere
318 739 567 824 germinationes
594 750 742 804 evocatae
770 739 969 828 indulgentia
997 742 1091 820 caeli,
1125 746 1244 811 secutis

119 837 294 922 frigoribus
316 850 510 916 exuruntur,
540 839 664 923 quade
686 861 783 904 causa
804 841 962 905 serotinae
982 840 1103 907 hiemes
1117 843 1243 922 noxiae,

120 936 322 1002 silvestribus
344 961 471 1023 quoque
492 961 575 1022 quae
596 941 701 1026 magis
723 942 820 1005 etiam
834 942 943 1007 dolent
956 934 1115 1029 urguente
1130 943 1244 1010 umbra

119 1061 181 1102 sua
205 1061 266 1103 nec
296 1040 469 1105 adiuvante
491 1041 658 1118 medicina,
686 1043 815 1126 quando
836 1043 954 1108 vestire
977 1055 1103 1109 teneras
1123 1044 1242 1109 intorto

118 1149 292 1204 stramento
318 1140 353 1203 in
380 1141 578 1207 silvestribus
603 1165 668 1206 non
694 1153 752 1208 est
789 1144 879 1232 Ergo
909 1144 1117 1230 tempestivae
1140 1162 1286 1229 aquaem

117 1240 261 1305 hibernis
294 1242 432 1326 primum
459 1242 494 1307 in
519 1242 687 1320 imbribus,
721 1243 795 1308 dein
823 1245 1085 1330 germinationem
1112 1255 1239 1310 antece·

116 1340 279 1407 dentibus.
301 1342 447 1406 Tertium
470 1354 597 1428 tempus
619 1354 676 1421 est,
701 1367 774 1409 cum
796 1346 933 1421 educant
954 1367 1060 1430 poma,
1083 1368 1143 1411 nec
1164 1368 1240 1432 pro·

116 1441 206 1506 tinus
229 1442 286 1508 sed
308 1441 371 1506 iam
392 1443 499 1520 valido
521 1444 600 1509 fetu.
636 1442 729 1524 Quae
755 1446 878 1511 fructus
901 1468 974 1512 suos
996 1445 1117 1510 diutius
1137 1445 1240 1512 conti-

113 1553 194 1608 nent
220 1543 442 1629 longioresque
471 1545 655 1610 desiderant
683 1545 782 1623 cibos,
811 1545 862 1611 his
891 1557 923 1610 et
951 1546 1109 1611 serotinae
1137 1567 1239 1628 aquae

116 1644 224 1722 utiles,
246 1654 283 1708 nt
305 1644 374 1721 viti,
396 1644 495 1723 oleae,
518 1645 654 1730 punicis.
676 1645 749 1710 Hae
763 1647 828 1710 iam
841 1646 972 1732 pluviae
986 1647 1114 1734 generis
1129 1646 1237 1711 cuius·
1337 1634 1340 1639 ¹

113 1767 181 1829 qne
201 1743 368 1811 arboribus
389 1746 516 1810 diverso
537 1745 632 1810 modo
654 1746 884 1824 desiderantur,
915 1747 985 1812 aliis
1012 1747 1075 1812 alio
1097 1759 1238 1833 tempore

113 1845 358 1922 maturantibus,
392 1857 586 1931 quapropter
614 1847 734 1910 eisdem
760 1847 917 1914 imbribus
946 1848 1054 1931 aliqua
1080 1847 1165 1912 loedi
1187 1847 1236 1911 vi-

114 1947 205 2025 deas,
238 1947 345 2032 aliqua
372 1947 477 2011 iuvari
505 1947 601 2011 etiam
629 1947 663 2010 in
691 1946 801 2037 codem
824 1971 952 2032 genere,
982 1948 1064 2013 sicut
1086 1947 1119 2009 in
1140 1946 1235 2032 piris3

112 2047 178 2112 alio
206 2047 259 2112 die
285 2048 420 2113 hiberna
446 2059 606 2132 quaerunt
632 2046 768 2132 pluvias,
799 2048 862 2112 alio
888 2070 964 2113 vero
991 2046 1173 2132 praecocia,
1200 2058 1237 2111 ut

113 2148 236 2235 pariter
257 2149 385 2232 quidem
408 2149 514 2213 omnia
536 2149 729 2213 desiderent.
752 2147 933 2214 Hibernum
956 2160 1083 2234 tempus
1096 2159 1148 2215 est
1161 2157 1235 2214 ante
1251 2167 1280 2211 rs

113 2249 389 2334 germinationem.
413 2247 507 2329 Quae
529 2250 707 2333 aquilonem
731 2260 839 2314 austro
861 2250 1022 2315 utiliorem
1044 2248 1121 2314 facit
1143 2247 1234 2326 ratio,

113 2349 227 2414 eadem
249 2349 482 2416 mediterranea
503 2350 668 2415 maritimis
682 2352 824 2436 praefert
838 2404 879 2416 ..
897 2364 972 2416 sunt
994 2350 1079 2415 enim
1092 2351 1234 2435 plerum·

112 2472 180 2533 que
208 2450 377 2536 frigidiora
405 2505 445 2514 ,.
477 2461 510 2514 et
539 2462 707 2516 montuosa
732 2450 837 2536 planis
865 2461 897 2516 et
911 2461 1097 2516 nocturnos
1123 2449 1234 2513 imbris

112 2550 255 2626 diumis3
277 2552 383 2639 magis
403 2552 541 2615 fruitura
561 2553 654 2636 aquis
682 2562 752 2616 sata
777 2575 841 2618 non
863 2552 971 2616 statim
992 2551 1156 2616 auferente
1179 2572 1234 2614 eas

113 2653 193 2717 sole.
230 2649 385 2716 Oonnexa
411 2662 444 2715 et
472 2652 555 2717 situs
581 2652 746 2716 vinearum
774 2652 1042 2735 arbustorumque
1067 2652 1149 2715 ratio
1175 2660 1234 2727 est,
1250 2667 1290 2717 rs.

110 2775 197 2839 quas
222 2752 257 2817 in
283 2775 357 2819 oras
383 2753 523 2818 debeant
549 2762 704 2839 spectare.
739 2751 906 2837 Vergilius
939 2752 981 2815 ad
1010 2772 1143 2816 occasus
1173 2751 1235 2815 seri

111 2853 296 2932 damnavit3
330 2854 428 2936 aliqui
456 2853 504 2920 sic
532 2853 674 2918 maluere
701 2875 797 2938 quam
824 2852 858 2916 in
886 2864 999 2918 exortu
1006 2877 1015 2929 ;
1049 2873 1069 2914 a
1088 2848 1235 2935 pluribus

110 2953 281 3018 meridiem
302 2954 429 3039 probari
451 2956 597 3032 adverto,
618 2976 678 3019 neo
699 2953 836 3019 arbitror
856 2962 1049 3038 perpetuum
1064 2949 1234 3033 quiequam

110 3056 150 3120 in
174 3054 237 3120 hoc
261 3056 401 3141 praecipi
430 3079 540 3141 posse.»
567 3054 624 3119 Ad
646 3056 704 3120 soli
725 3064 882 3130 naturam,
911 3052 954 3115 ad
973 3052 1036 3118 loci
1057 3050 1232 3140 ingenium,

145 3207 164 3309 ’5
185 3247 223 3295 17.
242 3243 274 3301 r'n,
287 3261 309 3294 a.
328 3245 417 3297 omitt.
430 3238 502 3308 ᾶβγ.
519 3244 561 3293 De
572 3258 599 3292 re
611 3258 634 3290 v.
647 3243 778 3305 Theophr.
791 3244 822 3291 de
832 3257 899 3292 caus.
910 3243 989 3305 plant.
999 3242 1033 3292 Π.
1046 3249 1068 3302 2,
1082 3251 1101 3294 l.
1121 3283 1152 3293 -
1171 3241 1233 3302 dein,

110 3315 160 3362 ad.
170 3310 262 3372 deinde,
271 3306 322 3375 βγ,
334 3353 362 3360 -
375 3310 545 3375 germinatione
554 3317 577 3358 et
584 3307 778 3370 antecedentibus,
787 3325 826 3359 ar.
838 3310 876 3359 At
885 3326 906 3358 v,
913 3311 1042 3375 Theophr.
1049 3312 1066 3359 l.
1076 3313 1107 3361 l.:
1117 3307 1233 3373 δεύτερα

110 3375 148 3428 δὲ
160 3374 196 3428 τὰ
207 3375 259 3443 πρὸ
272 3380 323 3443 τῆς
332 3373 516 3442 βλαστήσεως.
534 3376 566 3426 In
577 3379 623 3427 illa
633 3378 742 3426 lectione
753 3379 831 3428 latere
842 3379 941 3427 videtur
950 3378 1142 3442 qeminanonnn
1152 3393 1182 3424 ea
1190 3392 1233 3424 an-

111 3444 277 3507 tecedentibus,
295 3447 331 3495 ita
349 3454 376 3494 ut
387 3447 450 3496 haec
462 3446 513 3494 iam
524 3447 599 3494 verba
611 3446 686 3495 etiarn
698 3446 863 3508 grammatice
875 3447 1045 3508 superioribus
1056 3448 1232 3508 respondeant

109 3511 158 3563 Ex
170 3520 196 3562 et
207 3520 230 3562 et
241 3514 382 3563 sexcenties
394 3514 421 3561 in
432 3514 506 3562 codd.
518 3513 637 3562 confundi
650 3520 757 3562 constat.
782 3553 813 3562 ...
842 3511 939 3573 ervitio,
951 3530 974 3562 a.
998 3553 1029 3561 ..
1052 3511 1145 3571 eisdem,
1162 3504 1233 3560 Oad.

113 3579 209 3641 iisdem,
220 3575 250 3640 β.
267 3622 299 3630 ..
318 3577 535 3642 alique-alique,
550 3574 648 3631 oran.
671 3577 871 3643 aliqua-nlius,
883 3597 902 3629 r.
921 3577 1143 3642 quaedum-alia,
1154 3572 1184 3637 β.
1202 3577 1231 3628 '-

110 3645 165 3697 alio
176 3663 244 3710 vere,
256 3663 302 3711 pro
314 3648 354 3698 lris
366 3663 405 3696 vv.
415 3649 572 3697 habentverc
585 3647 636 3696 alio
649 3651 692 3698 ad.

150 3715 218 3776 518.
245 3731 316 3777 quum
331 3713 419 3777 aquilo,
436 3730 507 3777 quum
519 3724 599 3764 auster
610 3713 671 3776 urit,
681 3716 749 3766 Pint.
773 3755 804 3764 ..
823 3712 975 3776 sucitratr'o,
992 3711 1081 3773 eudem,
1094 3705 1140 3762 Or.
1158 3711 1232 3776 fucit.

111 3780 193 3832 Raso
204 3781 293 3843 ecdem,
305 3777 396 3845 adstr.
417 3783 455 3832 At
469 3783 541 3832 illam
557 3798 605 3846 ego
620 3783 849 3845 interpunctionem
865 3783 901 3829 ita
911 3781 1027 3843 praetuli,
1044 3791 1073 3829 nt
1085 3796 1142 3830 cnm
1154 3783 1210 3829 cod.
1223 3798 1234 3830 r

110 3857 177 3914 post
188 3864 277 3899 vocem
285 3848 478 3913 germinationem
491 3851 565 3915 plene
577 3852 788 3913 interpungerem,
801 3864 859 3897 eum
871 3842 955 3910 adssr
968 3863 1068 3896 comma
1080 3856 1184 3911 ponant.
1204 3888 1232 3896 ..

105 3917 268 3982 praeferunt,
281 3933 301 3966 r.
319 3958 349 3966 -
369 3924 497 3980 montuosa,
510 3910 581 3968 ead.
604 3925 722 3976 monwsa,
737 3911 766 3977 β.
785 3956 815 3964 -
830 3914 944 3977 fruitura
961 3915 1043 3978 equus,
1061 3916 1097 3964 ita
1112 3930 1158 3964 nos
1174 3916 1233 3964 scri·

386 3995 400 4022 a

110 4035 221 4100 primus.
231 4032 347 4097 fruitura
355 4034 416 4098 quis,
428 4051 451 4086 a.
460 4034 558 4098 fruitur
569 4033 646 4097 aquis,
659 4035 683 4082 d.
693 4034 813 4095 fruuntur
825 4033 902 4096 aquis,
913 4030 963 4099 βγ.
984 4074 1013 4082 ..
1033 4034 1149 4095 arrferent,
1161 4049 1184 4082 a.
1204 4073 1233 4081 -

111 4100 185 4286 :13⁶
183 4118 228 4284 lp&
251 4165 353 4229 Oeneum
366 4184 389 4218 a.
409 4209 438 4219 ..
462 4169 565 4228 borma.
585 4209 615 4217 ..
646 4166 766 4232 Vergilius
777 4181 862 4231 georg.
877 4174 900 4228 2,
913 4173 970 4218 298.
990 4207 1020 4217 ..
1043 4167 1184 4227 ικονιιιι,Κ.
1205 4205 1235 4214 .-

143 4251 257 4297 emqa
1008 4255 1011 4260 ·
