2754 4726
167 307 230 372 ³24
521 320 725 369 annuarum
746 316 940 368 marorum

109 546 114 550 ,
167 475 275 541 ditave
301 472 444 560 prodest,
471 471 553 537 item
572 470 762 537 torminibus
789 471 823 535 in
849 469 973 556 hysopo
999 469 1130 534 decocta
1156 480 1294 538 etcum

166 576 258 653 vino;
304 574 351 640 sic
379 582 412 638 et
434 571 622 659 sanguinem
645 571 731 636 sistit
755 570 940 636 interiorem
969 580 1002 635 et
1020 570 1147 634 narium
1174 569 1293 650 indita,
1308 586 1354 634 rat

166 675 213 742 sic
235 684 267 740 ct
289 673 427 740 conlutis
450 671 600 738 dentibus
627 672 768 758 prodest.
790 669 936 736 Auribus
963 691 1089 755 quoque
1116 670 1150 735 in
1178 671 1293 739 dolore

166 798 263 843 sucus
292 774 488 853 infunditur,
521 773 681 838 custodito
709 782 745 836 ut
771 770 912 836 diximus
940 771 1035 836 modo
1064 772 1098 835 in
1128 771 1291 850 silvestri,

164 888 275 942 eontra
296 875 479 941 tarditatem
501 895 578 939 vero
600 873 785 956 sonitusque
806 893 880 936 cum
901 893 1034 937 rosaceo
1055 871 1106 937 vel
1128 895 1203 938 cum
1216 875 1291 940 lau·

164 1000 220 1044 reo
242 977 311 1042 oleo
333 986 388 1040 aut
411 974 538 1042 cumino
560 985 592 1038 et
613 973 715 1038 melle.
759 970 866 1037 Sucus
880 981 913 1036 et
927 971 1120 1057 phreneticis
1134 995 1176 1037 ex
1195 970 1291 1040 aceto
1305 987 1350 1032 las

165 1079 258 1144 tritae
279 1076 453 1141 instillatur
481 1075 516 1138 in
538 1084 682 1159 tempora
708 1077 740 1137 'et
762 1070 946 1149 cerebrum;
976 1073 1162 1138 adiecerunt
1189 1073 1290 1158 aliqui

169 1188 201 1243 st
224 1176 399 1262 serpyllum
421 1185 452 1241 et
472 1174 598 1239 laurum
619 1172 792 1238 inlinentes
815 1172 921 1256 capita
942 1183 974 1237 et
996 1172 1084 1240 colla.
1117 1173 1290 1240 Dederurit

164 1287 197 1341 et
217 1274 403 1360 lethargicis
424 1294 464 1336 ex
486 1282 576 1337 aceto
596 1271 818 1350 olfaciendum,
841 1271 1000 1338 dederunt
1019 1283 1052 1338 et
1073 1273 1289 1340 comitialibus

53 1413 58 1419 -
93 1404 96 1409 ·
162 1372 340 1442 bibendum
355 1373 502 1438 decoctae
518 1393 629 1437 sucum
643 1372 676 1436 in
691 1372 815 1458 cyathis
836 1381 984 1456 quattuor
1002 1382 1075 1438 ante
1088 1373 1289 1440 accessiones

164 1497 302 1560 quarum
330 1473 434 1561 frigus
459 1471 658 1537 intolerabile
680 1482 743 1550 est,
772 1473 961 1556 alsiosisque
988 1472 1120 1536 crudam
1149 1473 1184 1538 in
1206 1473 1288 1540 cibo.

166 1574 306 1641 Urinam
327 1596 455 1659 quoque
476 1572 528 1640 vel
550 1583 714 1637 cruentam
736 1573 834 1659 pellit,
864 1573 1055 1638 feminarum
1083 1573 1179 1638 etiam
1207 1585 1342 1660 pur-1³⁹

164 1675 311 1763 gationes
334 1674 566 1757 secundasque,
589 1671 684 1736 etiam
706 1681 866 1737 emortuos
887 1682 1015 1757 partus,
1037 1682 1073 1737 ut
1094 1672 1288 1759 Hippocrati

165 1774 303 1853 videtur,
326 1796 366 1838 ex
389 1774 463 1838 vino
485 1771 570 1837 dulci
593 1771 795 1860 nigro—pota3
817 1773 924 1856 itaque
938 1773 1061 1838 inlitam
1076 1783 1107 1839 et
1121 1775 1287 1840 volvarum

166 1896 265 1940 causa
286 1883 318 1940 et
339 1874 448 1939 suffire
469 1871 567 1938 iubet
590 1872 720 1938 Diocles
742 1882 774 1939 et
799 1873 955 1938 cardiacis
980 1874 1104 1959 inponit
1130 1895 1173 1938 ex
1200 1885 1288 1940 aceto

166 1984 200 2043 et
219 1975 313 2041 melle
336 1996 410 2040 cum
430 1972 532 2038 farina
553 1972 723 2038 hordeacia
744 1982 775 2038 et
790 1983 899 2039 contra
920 1973 1018 2039 ileum
1033 1973 1164 2038 decocta
1184 1975 1287 2040 farina

166 2077 202 2141 in
229 2075 299 2140 oleo
324 2073 497 2140 velleribus
525 2073 671 2148 collecta3
700 2072 790 2137 multi
812 2095 890 2138 vero
915 2083 947 2137 et
967 2082 1076 2138 eontra
1100 2075 1287 2161 pumlentas

100 2224 103 2242 2
167 2175 403 2241 exscreationes
425 2173 527 2236 siccae
554 2170 721 2237 drachmas
743 2173 840 2252 duas,
871 2173 1033 2258 sulphuris
1059 2197 1156 2239 unam
1184 2185 1218 2240 et
1237 2175 1285 2240 di·

167 2273 299 2338 midiam
320 2271 403 2337 sumi
425 2281 557 2336 censent
578 2281 610 2337 et
629 2281 739 2337 contra
761 2282 909 2338 cruentas
931 2294 1037 2339 ramos
1059 2274 1117 2339 tris
1139 2275 1286 2341 decoctos

167 2375 202 2439 in
224 2375 310 2440 vino.
346 2372 451 2436 Datur
479 2381 511 2437 et
531 2371 733 2456 dysintericis
760 2394 833 2437 cum
859 2395 952 2439 caseo
979 2375 1014 2438 in
1035 2374 1108 2439 vino
1135 2376 1284 2451 contrita3
1298 2385 1337 2432 ¹⁴⁰

168 2475 328 2540 dederunt
355 2484 386 2538 et
407 2495 480 2537 eum
500 2472 658 2539 bitumine
678 2473 841 2537 infriatam
869 2474 991 2559 potioni
1013 2485 1143 2560 propter
1163 2477 1285 2543 anheli-

173 2585 251 2654 tum,
275 2599 314 2639 ex
336 2573 402 2639 alto
423 2573 525 2659 lapsis
549 2573 678 2638 seminis
706 2575 762 2639 tris
783 2574 904 2638 uncias.
950 2572 1024 2640 Olei
1050 2574 1133 2640 libra
1158 2577 1286 2661 vinique

169 2675 308 2740 sextario
330 2675 476 2739 inlinitur
497 2696 569 2738 cum
591 2675 662 2738 oleo
684 2673 781 2739 coctis
803 2674 886 2739 foliis
908 2674 1054 2759 partibus
1082 2698 1164 2760 quas
1184 2678 1285 2764 frigus

168 2776 334 2840 adusserit.
359 2773 396 2838 Si
417 2774 543 2838 urinam
564 2785 686 2851 movet,
708 2784 744 2837 ut
765 2773 959 2860 Hippocrati
993 2775 1136 2854 videtur,
1170 2778 1284 2844 mirum

169 2886 217 2941 est
239 2875 395 2958 quosdam
416 2875 493 2939 dare
516 2873 602 2939 velut
628 2875 823 2940 inhibentem
837 2875 926 2961 potui
949 2885 1060 2940 contra
1085 2876 1284 2943 incontinen-

170 2974 246 3039 tiam
273 2975 395 3040 urinae.
427 2974 546 3040 Paoras
573 2984 605 3039 et
629 2975 735 3060 lepras
763 2997 834 3039 cum
861 2977 952 3041 melle
980 2987 1013 3040 et
1034 2977 1173 3042 alumine
1198 2980 1331 3044 inlita¹⁴¹

170 3076 335 3155 emendat,
358 3075 434 3142 item
458 3075 650 3162 vitiligines,
673 3097 836 3152 verrucas,
866 3086 1002 3142 strumas
1024 3087 1057 3142 et
1079 3079 1195 3145 similia
1216 3103 1284 3146 oum

203 3263 254 3295 eam
266 3247 332 3309 oino;
344 3249 384 3298 his
395 3259 435 3297 vv.
447 3250 544 3299 addunt
554 3250 714 3313 participium
726 3256 792 3298 eoem
803 3257 885 3300 ortum
898 3265 931 3300 ex
943 3252 1071 3314 superiore
1082 3266 1146 3301 voce
1157 3255 1203 3302 ad.

203 3333 218 3393 ς
231 3334 287 3381 137.
305 3329 364 3390 sitit,
376 3345 400 3379 a.
419 3370 449 3378 ..
468 3329 555 3389 indita,
567 3331 614 3392 eio3
626 3346 673 3395 pro
686 3334 725 3382 his
737 3349 777 3382 vv.
789 3336 867 3384 habet
878 3332 986 3384 indilata
997 3334 1032 3384 sic
1042 3351 1066 3397 a,
1084 3333 1162 3384 indita
1171 3336 1283 3385 mamma

169 3395 232 3445 satit
242 3395 344 3456 narium,
355 3403 377 3442 et
388 3396 454 3443 intra
466 3411 492 3443 ot
503 3393 580 3443 india
591 3396 680 3458 tussim,
691 3399 758 3447 Pint.
778 3439 808 3448 -
827 3398 952 3461 dolonibus,
965 3402 1019 3451 Τὰ.
1037 3443 1068 3451 ..
1087 3401 1217 3464 draimm5
1231 3409 1283 3454 1³⁵.

170 3505 201 3516 ,.
221 3462 245 3510 in
256 3460 366 3520 silvestri,
378 3478 401 3512 a.
424 3478 437 3509 e
447 3459 556 3522 silvestri,
568 3458 648 3523 Tdss.
664 3503 694 3512 -
713 3471 796 3512 eontra
808 3466 944 3516 tarditatem
957 3485 1011 3517 vero
1019 3469 1161 3531 sonitusque,
1173 3462 1263 3520 Orat

170 3529 231 3594 (uisi
241 3531 310 3594 quod
319 3530 345 3578 in
353 3530 403 3578 hac
412 3529 521 3578 aditione
529 3528 675 3593 sonitumque
683 3530 796 3595 legitur).
808 3549 863 3583 vero
871 3543 954 3584 contra
964 3533 1100 3584 tarditatem
1109 3545 1132 3584 et
1139 3483 1284 3600 aonimmydl

204 3623 289 3682 §lsstt
315 3619 443 3678 exaltatur,
456 3621 487 3669 Τ.
507 3661 537 3669 -
561 3620 931 3686 temporaadcerebram,Tad.
954 3667 986 3676 -
1009 3625 1215 3692 etserpyllum,a.
1238 3642 1283 3677 ser·

167 3688 266 3754 pyliam,
279 3690 333 3739 Td.
357 3729 388 3737 -
415 3684 561 3735 declarante!
572 3689 805 3756 comitialibuaypro
822 3693 863 3742 his
874 3708 913 3743 vv.
926 3695 1022 3744 habent
1034 3692 1063 3742 dc
1074 3693 1282 3746 comitiubbuead.

171 3796 203 3805 ..
220 3771 310 3804 auream
322 3753 414 3819 cyathis
424 3760 526 3817 quatuor
537 3763 560 3803 et
571 3764 633 3816 ante,
645 3757 678 3806 Κ.
698 3798 728 3807 ..
747 3758 898 3822 occasiones,
911 3762 935 3810 d.
952 3761 1114 3823 amasiones,
1127 3778 1150 3812 a.
1164 3803 1197 3812 ..
1215 3762 1284 3812 altio·

169 3823 255 3886 amque,
266 3823 305 3871 vir
316 3826 405 3872 doctus
422 3824 489 3885 apud
500 3823 604 3872 Barbar.
623 3823 764 3875 Confirmat
779 3843 802 3876 a.
824 3825 975 3891 obicemque,
987 3831 1011 3880 d.
1031 3869 1061 3878 -
1084 3836 1107 3877 et
1117 3827 1228 3893 crudam,
1242 3829 1282 3878 ad.

204 3913 290 3974 5139.
308 3913 456 3977 seminarum
468 3914 603 3975 etiamad.
613 3916 763 3979 seminarum
774 3926 859 3979 autem,
871 3919 902 3968 T.
920 3960 952 3969 ..
976 3919 1045 3980 illini,
1057 3921 1089 3970 K.
1108 3960 1139 3969 ..
1163 3929 1187 3970 et
1197 3922 1284 3986 suffire,

170 3984 194 4030 d.
213 3990 235 4029 et
246 3981 333 4045 suffiri,
345 3982 378 4031 K
396 3990 419 4029 et
428 3980 544 4044 sufficere,
556 3998 579 4032 a.
598 3984 668 4032 etiam
679 3984 770 4047 suffire,
782 3980 831 4049 βγ.
850 3985 969 4036 Ceterum
983 3989 1010 4037 in
1017 3987 1057 4038 his
1066 3989 1149 4038 verbis
1157 3996 1284 4053 corrupte·

169 4047 222 4098 lam
238 4050 318 4098 latere
334 4057 445 4112 apparet.
472 4051 557 4100 Unum
575 4052 712 4101 alterumve
728 4053 830 4102 verbum
847 4054 958 4103 deletum
970 4069 1024 4105 esse
1042 4056 1117 4104 docet
1128 4056 1199 4119 prior
1210 4057 1285 4119 parti·

169 4116 227 4165 cula
239 4124 273 4178 et3
291 4125 419 4179 praeterea
435 4119 625 4168 convenientem
642 4127 793 4168 structuram
810 4120 982 4171 desideramus
998 4130 1023 4171 et
1039 4123 1112 4172 malis
1124 4130 1201 4173 antea
1213 4123 1284 4172 dictis

169 4182 254 4247 inepte
271 4199 366 4233 novum
382 4185 477 4234 malum
493 4183 616 4233 valvarum
632 4201 707 4234 cama
717 4187 876 4236 admiscetur.
899 4229 931 4237 -
958 4187 1032 4249 iliam
1048 4190 1073 4238 d.
1096 4230 1126 4240 -
1155 4188 1285 4250 aderitus,

168 4251 213 4298 ad.
236 4258 258 4299 et
270 4250 399 4313 velleribus,
410 4247 461 4317 βγ.
481 4293 510 4301 -
530 4249 634 4300 deeoctoc
646 4253 670 4300 in
682 4252 743 4314 vino,
756 4254 800 4303 ad
819 4252 844 4301 ia
855 4253 909 4303 aino
921 4253 1033 4316 dmootoe,
1045 4250 1096 4319 βγ.
