2754 4726
163 281 226 345 244
514 293 717 341 sarnanum
739 292 934 341 maroamn

163 447 335 515 comederit
367 445 544 512 dormiente
577 444 738 530 protinus,
781 466 878 530 capra
915 453 1098 515 sternuente
1130 444 1287 514 crebrius.

163 548 294 632 Diuque
323 547 386 612 iam
416 568 480 611 nou
507 546 594 613 aliud
621 546 663 610 ad
690 569 750 612 nos
776 545 938 611 invehitur
962 545 1049 611 laser
1074 567 1171 630 quam
1200 541 1336 632 quodto‘

162 650 196 714 in
217 647 351 713 Perside
378 657 433 712 aut
453 645 567 713 Media
594 657 627 712 et
647 645 800 712 Armenia
828 646 969 712 nascitur
994 646 1085 735 large
1106 647 1165 713 sed
1185 649 1290 714 multo

161 750 245 816 infra
268 747 499 834 Cyrenaicum,
527 748 562 811 id
584 768 713 831 quoque
738 747 950 813 adulteratum
977 747 1095 812 cummi
1116 760 1173 814 aut
1194 773 1287 816 saco-

162 849 258 936 penio
279 859 335 914 aut
349 847 426 913 faba
440 848 555 925 fracta,
576 869 641 931 quo
661 848 769 912 minus
787 848 999 914 omittendum
1012 848 1141 914 videtur
1162 848 1201 916 C.
1216 850 1288 917 Va-

161 951 240 1016 lerio
262 949 311 1014 M.
338 949 502 1015 Herennio
534 971 616 1013 cosa.
652 946 792 1033 Cyrenis
824 948 960 1013 advecta
990 948 1125 1014 Romam
1157 949 1289 1035 publice

161 1049 311 1136 laserpici
332 1049 440 1135 pondo
461 1071 550 1126 xxx,
584 1047 759 1114 Caesarem
787 1071 864 1114 vero
891 1049 1080 1115 dictatorem
1100 1049 1191 1116 initio
1212 1049 1298 1117 belli

161 1149 265 1215 civilis
286 1149 371 1214 inter
392 1172 506 1214 aurum
528 1158 763 1236 argentumque
784 1150 958 1234 protulisse
980 1172 1021 1215 ex
1042 1150 1164 1216 aerario
1184 1151 1287 1218 laser-

162 1248 227 1335 pici
254 1249 362 1333 pondo
389 1264 467 1313 oon.
500 1248 540 1312 Id
562 1248 650 1334 apud
671 1261 820 1315 auctores
843 1247 999 1315 Graeciae
1029 1250 1328 1317 evidentissimae

161 1349 341 1415 invenimus
356 1360 467 1414 natum
481 1349 583 1414 imbre
604 1350 696 1435 piceo
718 1362 850 1437 repente
870 1351 1050 1415 madefacta
1072 1351 1186 1417 tellure
1208 1375 1288 1441 erga

162 1449 383 1536 Hesperidum
408 1450 518 1515 hortos
542 1447 731 1535 Syrtimque
759 1451 912 1517 maiorem
942 1462 1064 1536 septem
1090 1453 1184 1517 annis
1213 1463 1288 1519 ante
1361 1512 1365 1520 .

162 1550 319 1636 oppidum
341 1549 543 1636 Cyrenarum
572 1551 659 1636 quod
681 1552 844 1616 conditum
873 1562 921 1617 est
943 1552 1032 1617 urbis
1053 1564 1180 1617 nostrae
1202 1575 1288 1619 anuo

94 1721 96 1729 ,
162 1642 288 1730 chana,
322 1653 387 1718 vim
419 1662 527 1719 autem
553 1652 640 1716 illam
665 1673 723 1736 per
751 1662 902 1736 quattuor
926 1653 1013 1718 milia
1036 1653 1173 1718 stadium
1194 1653 1288 1718 Airi-

163 1773 221 1816 cae
247 1751 399 1828 valuisse3
437 1753 471 1815 in
504 1775 543 1816 ea
568 1751 773 1836 laserpicium
800 1752 890 1838 gigni
917 1752 1059 1830 solitum,
1092 1775 1160 1818 rem
1185 1753 1329 1819 fer-amaa

163 1874 202 1916 ac
224 1861 441 1918 contumacem
470 1863 502 1918 et
525 1853 552 1918 si
573 1853 785 1918 colereturiu
807 1854 934 1919 deserta
955 1854 1152 1940 fugientem,
1180 1854 1288 1919 radice
1329 1908 1334 1913 .

163 1952 265 2019 multa
279 1976 462 2039 crassaque,
485 1954 575 2020 caule
595 1954 756 2019 ferulaceo
771 1977 808 2020 ac
823 1955 918 2021 simili
933 1945 1155 2020 crassitudine.
1177 1953 1287 2020 Huius

163 2054 240 2120 folia
261 2066 441 2143 maspetum
463 2054 636 2142 vocabant,
657 2055 731 2141 apio
752 2078 902 2121 maxume
925 2054 1056 2131 similia3
1089 2077 1199 2121 semen
1220 2064 1288 2121 erat

163 2154 343 2233 foliaceum,
364 2155 475 2220 folium
496 2155 603 2241 ipsum
624 2177 723 2220 verno
743 2155 924 2222 deciduum.
947 2156 1047 2223 Vesci
1060 2177 1180 2242 pecora
1194 2157 1328 2221 solinu

165 2255 331 2341 primoque
353 2256 496 2342 purgari,
520 2278 596 2321 mox
616 2256 838 2343 pinguescere,
860 2279 956 2322 carne
978 2256 1156 2322 mirabilem
1170 2253 1204 2321 in
1218 2277 1287 2320 mo-

165 2355 244 2420 dum
258 2355 407 2421 iucunda.
431 2355 509 2421 Post
530 2355 605 2421 folia
627 2356 744 2421 amissa
766 2357 856 2424 caule
876 2357 951 2442 ipso
972 2368 1004 2422 et
1017 2354 1162 2422 homines
1176 2377 1287 2423 vesce-

165 2455 283 2522 bantur
305 2456 437 2522 deeocto
459 2479 595 2541 assoque
617 2466 650 2522 et
670 2455 770 2534 elixo,
799 2479 910 2523 eorum
936 2479 1064 2542 quoque
1090 2478 1225 2542 corpora
1245 2477 1288 2519 xi.

202 2626 310 2688 comedit,
327 2628 424 2692 Appul.
442 2669 473 2677 ,
492 2636 630 2688 sternuente,
643 2629 714 2679 Tcd.
740 2629 847 2690 sternuit,
865 2630 961 2693 Appul.
989 2635 1141 2689 sternutante,
1157 2643 1190 2677 ar
1202 2625 1286 2689 (codd.

168 2694 288 2757 Barbari)
300 2709 326 2759 γ.
346 2737 375 2744 -
395 2695 506 2755 erebrius,
518 2696 616 2761 Appul.
635 2696 722 2747 Omitt.
735 2692 848 2760 acdssr.

203 2782 270 2842 §tm
294 2779 352 2841 iam,
365 2795 416 2829 om.
429 2795 450 2828 c.
470 2821 501 2828 ..
525 2779 744 2844 inoeitur,Appul.
763 2821 795 2829 ..
815 2778 889 2845 lorge,
902 2796 915 2829 c
928 2777 1014 2841 (codd.
1027 2775 1218 2842 Gel.,Appul.)
1240 2775 1287 2826 hr-

167 2863 217 2910 9en,
231 2849 254 2897 d.
273 2845 343 2906 laser,
360 2863 383 2896 a.
403 2887 434 2895 ..
452 2845 501 2908 sed,
518 2850 589 2897 codd.
605 2847 671 2908 Get,
688 2848 784 2910 Appul.
807 2855 836 2908 et,
849 2849 893 2897 ad.
917 2855 959 2908 ret,
973 2863 994 2896 c.
1013 2889 1044 2896 -
1067 2845 1096 2894 id
1111 2861 1202 2908 quoqne
1227 2847 1287 2894 acd.

169 2911 256 2974 (codd.
270 2911 459 2979 Gel.‚Appu1.)
486 2911 564 2976 idque,
576 2931 596 2963 r.
615 2955 646 2963 -
665 2913 866 2977 cammihppul.
889 2913 980 2974 commi,
993 2916 1016 2963 d.
1038 2912 1134 2978 gummi,
1147 2927 1182 2962 ac
1212 2926 1239 2977 r.
1257 2950 1287 2960 ..

169 2989 219 3042 ont,
229 2983 297 3030 aad.
317 2981 404 3032 Omitt.
416 2982 496 3032 Hand.
509 2991 534 3031 et
545 2995 563 3044 r
573 2981 634 3029 vitio
646 2996 788 3044 operamm.
801 3022 831 3030 -
851 2980 983 3044 sacopenio,
995 2984 1058 3031 aed.
1075 2995 1204 3045 sagapeno,
1215 2975 1245 3040 β.
1257 3017 1288 3026 .-

170 3047 299 3111 Iaaerpieii,
315 3048 412 3112 Appul.
436 3046 562 3112 laserpitii,
580 3043 668 3111 aessr.
692 3047 815 3110 laserpiee,
828 3050 852 3097 d.
877 3047 968 3110 loceris,
985 3048 1074 3097 Dalec.
1094 3088 1125 3096 ..
1149 3063 1212 3108 vero,
1225 3047 1288 3096 aad.

170 3123 255 3176 autem,
268 3117 364 3180 Appul.
382 3157 413 3166 -
433 3114 553 3180 laserpici,
565 3115 662 3180 Appul.
680 3114 806 3178 lusepitii,
819 3112 929 3178 aodstr.
949 3114 1039 3174 larena
1051 3115 1140 3165 Dalec.
1161 3155 1192 3163 -
1208 3113 1289 3172 oeD,

171 3184 231 3308 'sqq
241 3180 355 3244 (Thuan
377 3199 418 3248 ap.
436 3183 543 3235 Salmas.
561 3198 642 3234 exerc.
661 3199 685 3247 p.
704 3188 762 3234 249.
779 3184 804 3232 b.
824 3181 868 3243 0.,
891 3180 1009 3247 Appul.).
1038 3179 1142 3243 OXlD,
1158 3182 1191 3231 D.
1221 3177 1289 3239 CXI,

171 3264 205 3298 ac
235 3263 260 3313 r.

205 3329 274 3390 541.
297 3330 470 3391 vetustissimos,
483 3333 536 3382 Td.
555 3373 587 3383 -
614 3341 735 3392 notnma.
755 3374 786 3383 ..
813 3348 879 3396 erqo,
892 3327 959 3382 an.
985 3331 1058 3394 circo,
1071 3326 1142 3396 ᾱβγ.
1161 3373 1193 3382 ..
1219 3327 1288 3396 ere-

171 3397 273 3456 naicum,
287 3399 310 3448 d.
329 3438 361 3446 -
382 3395 532 3460 Omna,
545 3402 569 3448 d.
589 3439 619 3448 ,
638 3399 707 3447 milia
718 3396 829 3460 stodiam,
842 3416 885 3450 ac.
903 3398 992 3461 stadio,
1005 3402 1029 3449 d.
1048 3441 1079 3449 -
1098 3399 1123 3447 in
1135 3399 1233 3464 Africa,
1244 3415 1264 3448 r.

206 3479 274 3541 542.
298 3481 361 3543 etei,
377 3497 418 3531 ac.
442 3481 511 3541 ocri,
528 3483 551 3530 d.
570 3521 601 3530 -
620 3497 656 3540 oe,
673 3482 726 3531 Τὰ.
752 3490 803 3543 aot,
823 3476 931 3548 Oacrr.
958 3478 1197 3545 taud,1³ineian.ss.
1219 3483 1257 3532 At
1267 3497 1289 3530 r.

173 3549 304 3612 Theophr.
317 3549 375 3598 hist.
387 3548 467 3612 plant.
478 3548 526 3599 VT.
540 3555 564 3609 8,
577 3552 600 3597 2.
623 3545 670 3596 τὸν
686 3545 719 3596 δὲ
735 3545 834 3598 καυλὸν
850 3546 941 3614 ἡλίκον
955 3547 1025 3615 roipd
1044 3546 1071 3610 ξ,
1089 3547 1188 3616 σχεδὸν
1202 3546 1234 3598 δὲ
1245 3542 1289 3597 καὶ

173 3613 213 3678 τῷ
221 3613 302 3682 πάχει
313 3610 505 3680 παραπλήσιον.
525 3655 556 3663 ...
574 3630 651 3676 verno,
666 3615 760 3666 itanos
772 3619 925 3681 scripsimus.
947 3633 1010 3677 varo,
1025 3565 1114 3680 ianr.
1138 3631 1200 3676 vere,
1211 3610 1290 3677 Tdst.

173 3684 214 3732 De
230 3698 255 3734 v,
272 3699 343 3732 vomo
354 3699 378 3732 v.
395 3684 429 3731 ad
440 3686 464 3741 9,
477 3687 518 3732 47.
535 3682 647 3732 Plinium
663 3685 739 3733 verba
754 3686 939 3749 Theophrasti:
961 3681 1017 3744 ἅμα
1027 3679 1079 3744 μὲν
1092 3679 1140 3731 οὖν
1153 3681 1191 3748 τῷ
1202 3681 1248 3747 ἦρι
1260 3680 1289 3731 τὸ

171 3746 307 3810 μάωτετον
324 3749 403 3799 τοῦτο
420 3745 527 3814 ἀφίησι,
545 3751 613 3799 male
630 3765 683 3800 esse
701 3752 890 3815 interpretatum
905 3760 965 3816 post
980 3749 1089 3804 Salmas.
1105 3752 1248 3814 prolegom.
1259 3751 1292 3799 ad

173 3817 240 3934 Erga
253 3833 278 3881 p.
293 3824 348 3868 104.
365 3820 505 3868 docueruut
519 3816 663 3868 Schneider.
681 3822 713 3869 ad
725 3820 856 3884 Theophr.
868 3820 886 3869 l.
898 3821 916 3869 l.
928 3835 953 3883 p.
966 3822 1024 3870 475.
1036 3826 1062 3868 at
1072 3818 1198 3881 Bottiger.
1216 3815 1292 3866 tetam

126 3937 131 3946 ⁴
224 3883 297 3946 risten
309 3892 332 3933 3.
344 3900 369 3948 p.
382 3891 440 3934 440.

208 3970 276 4031 §tn
299 3968 385 4017 emisso
401 3966 478 4018 conire
493 3967 551 4032 e'pre,
557 3985 614 4084 gno
630 3978 653 4018 et
663 3968 773 4030 homines,
789 3971 879 4020 Dalec.
898 4011 931 4020 ..
953 3985 1053 4032 nasoque
1069 3977 1092 4017 et
1107 3967 1181 4028 elixo,
1198 3967 1235 4018 ita
1245 3981 1292 4018 nos

174 4036 326 4098 scripsimus.
352 4051 451 4099 nasoque
467 4034 537 4098 eliac,
583 4039 645 4088 aed.
672 4054 726 4086 osso
742 4036 862 4100 elisoque,
877 4032 928 4102 βγ.
947 4077 979 4086 ..
1006 4036 1106 4097 LXsc.
1127 4075 1157 4084 ..
1183 4033 1293 4083 vitialia

175 4101 323 4163 omnibne,a
347 4111 453 4167 parcant
469 4103 569 4154 enmlie
580 4104 692 4164 omnihus,
705 4119 727 4155 c.
754 4104 822 4153 vitiis
833 4104 947 4166 omnibns,
960 4106 984 4154 d.
1011 4103 1105 4152 avitiis
1117 4102 1231 4161 omnihus,
1242 4097 1292 4165 βγ.

173 4177 299 4235 puryunte
320 4166 377 4219 Cum
393 4168 431 4220 ln'a
446 4170 512 4220 vitiis
528 4171 632 4221 omnibns
642 4187 733 4234 ancona
749 4171 856 4223 samaa
868 4186 950 4223 exarc.
963 4186 987 4234 p.
1000 4175 1094 4222 hilma
1106 4170 1140 4220 A.
1159 4209 1191 4219 ..
1214 4168 1294 4233 cupic-
