2754 4726
145 288 208 354 222
381 294 383 299 ’
498 296 701 346 3333333333
723 295 918 344 33333333

146 453 345 543 gemmisque
366 451 552 517 inoculator.
589 448 642 515 De
667 449 739 534 ipsa
765 447 908 536 regionis
930 446 999 511 eius
1019 445 1097 510 hora
1118 467 1266 531 praemo·
1281 466 1333 511 333

146 558 256 623 331333
278 552 457 620 conveniat.
489 549 653 615 Frondem
674 548 780 614 medio
801 547 854 612 die
876 545 1042 612 arborator
1062 569 1102 612 ne
1125 546 1266 622 caedit03
1290 625 1294 630 ·

147 680 222 724 cum
241 653 406 739 meridiem
428 652 541 717 adesse
565 650 683 715 senties
703 659 829 735 pastor,
863 657 983 714 aestate
1005 647 1210 713 contrahente
1233 670 1267 713 se

64 810 67 814 .
146 757 270 834 umbra,
292 753 449 841 pecudem
470 775 488 817 e
511 752 577 816 sole
598 751 632 823 13
653 772 754 836 opaca
768 750 884 836 cogito.
908 747 991 815 Cum
1007 758 1127 814 aestate
1140 770 1267 834 pasces,

146 861 180 925 in
201 856 398 924 occidentem
420 862 530 938 specta
551 861 625 916 ante
646 851 822 927 meridiem,
844 861 918 935 post
931 849 1097 914 meridiem
1111 849 1144 913 in
1159 849 1267 916 orien-

148 969 229 1035 1333
259 955 350 1020 311133
370 954 519 1032 noxium,
546 952 631 1018 31331
655 950 761 1017 hieme
782 961 814 1015 et
835 966 910 1016 vere
931 950 965 1014 in
987 949 1184 1015 rorulentum
1205 951 1266 1016 du·
1344 984 1347 988 ·

147 1079 229 1124 cere.
260 1054 332 1120 Nec
354 1065 463 1119 contra
485 1054 733 1139 septentrionem
755 1051 899 1136 paveris,
923 1073 1019 1136 supra
1041 1050 1177 1126 dictnm3
1201 1049 1267 1115 clo·

148 1157 227 1222 dunt
247 1157 292 1221 ita
312 1155 492 1240 lippiuntve
514 1154 555 1219 ab
576 1152 695 1218 adflatu
722 1163 755 1218 et
775 1152 846 1217 alvo
868 1152 931 1216 cita
951 1162 1098 1237 pereunt.
1131 1149 1199 1232 Qui
1218 1151 1267 1215 fe-

147 1259 250 1322 minas
272 1257 396 1341 concipi
417 1255 505 1320 voles
526 1254 561 1317 in
582 1253 668 1319 hunc
688 1264 820 1318 ventum
842 1253 1014 1338 spectantis
1035 1251 1109 1317 iniri
1131 1253 1246 1340 cogito.

189 1356 360 1423 XXXIV.
385 1358 435 1419 17.
457 1354 610 1419 Diximus
632 1364 668 1419 ut
689 1354 722 1418 in
743 1354 849 1419 media
867 1354 946 1418 linia
960 1353 1182 1440 designaretur
1195 1375 1268 1416 um·
1280 1371 1328 1415 33(

147 1457 273 1524 bilicus.
308 1456 374 1521 Per
393 1455 480 1520 hunc
500 1455 643 1521 medium
665 1464 846 1520 transversa
867 1464 975 1519 currat
997 1454 1076 1531 alia3
1104 1453 1185 1518 haec
1207 1453 1269 1518 erit

148 1544 188 1625 ab
210 1568 321 1624 exortu
342 1555 564 1641 aequinoctiali
587 1555 628 1619 ad
649 1577 798 1620 occasum
823 1553 1101 1638 aequinoctialem,
1124 1564 1157 1619 et
1176 1553 1268 1619 limes

147 1660 203 1743 qui
217 1661 263 1724 ita
275 1657 397 1725 secabit
410 1679 524 1743 agrum
546 1656 741 1721 decumanus
766 1655 942 1721 vocabitur.
964 1655 1133 1721 Ducantur
1152 1655 1269 1720 deinde

147 1760 229 1825 aliae
251 1759 334 1823 duae
354 1758 449 1822 liniae
470 1757 504 1821 in
533 1756 678 1821 decussis
708 1755 856 1840 obliquae
877 1756 923 1821 ita
944 1767 981 1820 ut
1001 1778 1022 1820 a
1042 1756 1269 1842 septentrionis
1359 1756 1362 1760 ’

141 1852 264 1926 ‘dextra
287 1858 442 1941 laevaque
470 1857 512 1922 ad
538 1857 639 1922 austri
667 1857 815 1922 dextram
847 1878 886 1921 ac
910 1857 1034 1921 laevam
1061 1856 1269 1922 descendant.
1314 1929 1318 1933 ,

150 1959 274 2026 Omnes
295 1982 353 2046 per
375 1959 513 2025 eundem
535 1970 664 2024 currant
684 1957 889 2036 umbilicum,
917 1980 1028 2022 omnes
1049 1957 1133 2023 inter
1154 1979 1189 2023 33
1210 1980 1270 2043 pa·
1282 1972 1331 2018 333

149 2084 202 2126 333
224 2060 298 2139 3131,
320 2054 467 2125 omnium
482 2058 650 2125 intervalla
671 2059 771 2144 paria.
795 2057 888 2140 Quae
909 2059 990 2124 ratio
1012 2058 1111 2123 semel
1131 2057 1165 2121 in
1188 2080 1269 2141 quo·
1339 2113 1342 2119 .

150 2183 212 2244 que
234 2183 312 2246 agro
333 2160 472 2225 ineunda
494 2159 554 2224 erit
574 2160 642 2237 vel,
665 2160 693 2224 si
716 2159 845 2244 saepius
867 2158 965 2224 libeat
985 2158 1049 2235 uti,
1071 2181 1089 2222 3
1109 2159 1198 2246 ligno
1218 2159 1269 2224 fa-

151 2261 274 2337 cienda,
296 2260 417 2347 regulis
436 2259 568 2345 paribus
588 2259 622 2323 in
642 2269 830 2345 tympanum
844 2260 998 2346 exiguum
1012 2258 1069 2324 sed
1083 2258 1271 2336 circinatum

151 2360 288 2436 adactis;
311 2361 431 2426 ratione
453 2380 517 2444 qua
537 2360 636 2425 doceo
657 2360 888 2426 occurrendum
908 2360 1048 2446 ingeniis
1068 2380 1198 2444 quoqne
1218 2359 1269 2428 in·

151 2461 324 2547 peritorum
345 2472 402 2526 est.
425 2459 596 2525 Meridiem
616 2461 721 2527 excuti
740 2461 856 2547 placet,
879 2463 1029 2546 quoniam
1043 2456 1171 2547 semper
1184 2461 1270 2525 idem
1283 2476 1330 2520 333

152 2572 218 2637 331;
248 2562 295 2626 331
321 2572 428 2627 autem
457 2561 575 2627 cotidie
601 2585 641 2627 ex
670 2563 731 2627 alio
757 2561 836 2627 caeli
861 2571 1022 2627 momento
1047 2583 1144 2645 quam
1165 2560 1270 2646 pridie

152 2662 267 2741 oritur,
296 2685 337 2727 no
363 2662 436 2747 quis
461 2662 543 2728 forte
570 2663 611 2727 ad
638 2673 784 2728 exortum
812 2662 999 2748 capiendam
1031 2672 1124 2748 putet
1147 2661 1270 2725 liniam.

152 2763 204 2828 Ita
226 2764 304 2828 caeli
326 2773 437 2829 exacta
457 2775 566 2849 parte,
594 2764 681 2847 quod
705 2763 801 2828 firerit
824 2763 921 2828 liniae
944 2774 1041 2850 caput
1063 2760 1271 2848 septentrioni

154 2887 346 2949 proxumum
377 2888 396 2929 3
428 2874 519 2950 parte
552 2865 695 2930 exortiva
727 2864 926 2930 solstitialem
959 2864 1092 2930 habebit
1122 2874 1272 2927 exortum

154 2963 212 3029 hoc
233 2975 282 3029 est
302 2964 480 3053 longissimi
499 2966 564 3031 diei
585 2975 778 3049 ventumque
797 2966 977 3049 aquilonem
997 2967 1115 3032 borean
1135 2961 1271 3029 Graecis

188 3174 271 3233 §aaa
289 3172 418 3232 conveniat,
429 3189 453 3222 a.
476 3173 600 3233 3333333131,
613 3169 684 3239 (ὶβγ.
702 3215 733 3223 ..
752 3171 835 3236 medio,
847 3190 870 3223 3.
893 3172 978 3234 media,
990 3168 1063 3236 dssy.
1081 3213 1112 3222 ..
1137 3170 1271 3232 33311333.

156 3277 186 3284 -
204 3245 323 3293 aestatem,
337 3254 360 3288 a,
379 3279 411 3288 -
434 3241 527 3300 ambra,
539 3241 583 3290 ad.
606 3241 691 3289 ambra
701 3239 765 3303 solis,
778 3230 810 3300 Τ,
827 3243 897 3305 quod
912 3234 1004 3305 probat
1014 3240 1133 3291 Schneid.
1146 3240 1179 3288 ad
1192 3237 1270 3288 0313-

154 3305 224 3352 mell.
240 3304 302 3352 v11.
315 3311 338 3364 3,
352 3311 393 3354 24.
413 3345 443 3353 ..
469 3305 587 3368 pecudem,
604 3324 626 3356 a.
650 3306 760 3370 pecudes,
777 3310 829 3359 Td.
853 3306 949 3371 pecuda,
965 3310 998 3359 D.
1018 3347 1047 3356 ..
1075 3305 1158 3368 33313,
1176 3307 1213 3355 ita
1224 3321 1270 3355 nos

155 3371 308 3434 scripsimus.
334 3369 456 3432 sole,Da.
482 3371 564 3432 33313,
577 3368 650 3436 (Ιβγ.
664 3374 722 3424 Orn.
734 3377 765 3425 T.
784 3416 816 3424 -
842 3383 967 3438 spartana
980 3390 1003 3424 a.
1028 3382 1132 3439 spectem
1142 3381 1205 3433 3313,
1218 3374 1271 3423 Td.

156 3478 188 3486 ..
206 3436 336 3498 33133133.
355 3477 386 3486 ..
410 3437 434 3484 ia
448 3436 597 3499 rorulentam,
613 3454 652 3488 ar.
678 3439 736 3489 siin
748 3439 962 3506 rorulentam-fir,
988 3440 1183 3500 siinroraleate,
1196 3443 1220 3489 d.
1239 3481 1270 3489 .-

156 3503 247 3564 (133333,
258 3521 277 3553 r.
305 3503 442 3565 (13333313.
469 3503 543 3565 (13331,
556 3522 578 3554 a.
602 3504 705 3565 duceres,
719 3503 770 3573 βγ.
789 3549 821 3558 -
844 3508 959 3571 Ν33,3(1.
983 3508 1083 3573 Narr.
1103 3550 1134 3557 -
1157 3507 1271 3571 3113333-

156 3570 248 3632 (113133,
261 3573 339 3621 Hard.
362 3572 438 3632 „Quo
451 3573 517 3620 enim
533 3573 593 3621 loco
609 3575 634 3623 id
652 3583 710 3624 ante
727 3577 825 3637 dixerit,
842 3592 894 3627 non
907 3577 1039 3628 occurrit'’
1058 3617 1089 3625 ..
1113 3573 1225 3636 clodaat',
1237 3576 1270 3624 D.

156 3637 288 3699 cluduntur,
302 3640 325 3687 (1,
350 3637 503 3698 dolentum,
528 3641 667 3703 Vulgatam
680 3644 828 3708 scripturam
839 3645 927 3694 Dalec
941 3646 1064 3708 explicat:
1087 3644 1270 3706 ,333133333-

155 3707 204 3754 rire
220 3706 372 3769 nequeunt”‚
390 3707 468 3755 Hard.
485 3708 548 3757 talos
564 3711 674 3771 pecudes
691 3712 726 3760 311
742 3713 830 3761 333133
847 3713 971 3772 claudere,
988 3720 1017 3761 ut
1029 3711 1071 3775 qni
1083 3711 1223 3760 nictatione
1234 3711 1270 3760 la·

155 3774 253 3822 borant.
272 3773 383 3824 Gronov.
397 3775 429 3822 ad
440 3776 495 3824 Liv.
508 3776 596 3825 XXH.
609 3781 650 3837 39,
663 3785 686 3827 3.
710 3777 801 3827 31331333
812 3780 878 3828 idem
891 3795 944 3829 esse
957 3780 1027 3842 qnod
1042 3776 1180 3826 claudicare
1191 3784 1270 3840 putat,

156 3842 196 3888 cui
217 3842 355 3890 sententiae
376 3841 515 3905 refragatur
533 3845 658 3907 particula
678 3862 716 3906 oe,
738 3847 804 3895 clare
824 3847 920 3895 scilicet
940 3849 1033 3896 docens
1049 3846 1125 3895 etiarn
1145 3846 1272 3909 inpriore

156 3910 233 3957 verbo
250 3912 280 3957 de
298 3909 378 3957 oculis
394 3911 443 3972 agi.
457 3911 574 3960 Schneid.
590 3913 623 3960 ad
635 3911 770 3962 Columell.
782 3912 844 3962 VII.
857 3920 881 3972 3,
894 3920 934 3963 25.
952 3914 1005 3962 vitii
1018 3914 1114 3976 aliquid
1126 3914 1205 3961 131333
1217 3913 1272 3979 opi·

157 3985 238 4034 natur,
256 3977 296 4024 cui
313 3977 425 4039 opinioni
442 3992 489 4040 ego
505 3980 542 4028 ita
556 3982 659 4041 accedo,
676 3989 704 4030 ut
719 3980 825 4030 13313333
841 3979 965 4028 3133133133
975 3996 1008 4031 ex
1019 3982 1045 4030 D
1064 3978 1120 4044 (qni
1132 3995 1177 4044 per
1188 3982 1245 4029 cod.
1257 3994 1273 4027 3

157 4042 329 4105 confirmatur)
346 4046 378 4093 sit
392 4046 536 4106 legendum,
555 4063 605 4110 qna
616 4062 679 4096 voce
691 4049 790 4098 rusticis
802 4049 905 4111 propria
915 4050 1021 4098 morbus
1033 4048 1123 4110 aliquis
1135 4048 1273 4111 pecudibus

157 4113 273 4174 proprius
290 4112 451 4172 significetur.
471 4155 501 4161 -
521 4112 664 4177 lippiamtae,
680 4131 702 4164 a
728 4117 814 4165 Multa
829 4115 871 4163 hic
887 4116 1030 4179 transponit
1044 4116 1113 4166 Pint.
1131 4155 1163 4164 -
1187 4130 1272 4173 mares,

156 4180 223 4227 Pint.
236 4189 261 4228 ot
273 4180 390 4230 Schneid.
404 4182 436 4227 ad
448 4179 584 4230 Columell.
597 4181 656 4230 VII.
670 4187 694 4241 3,
709 4189 747 4231 12.
761 4183 818 4232 3311.
831 4181 845 4243 §
858 4189 915 4233 336.

191 4248 205 4309 ξ
218 4254 275 4297 331.
294 4246 431 4307 1113133335
444 4251 500 4298 327.
521 4289 552 4297 ..
570 4247 621 4296 clia
633 4247 700 4310 13113·
717 4247 782 4311 1333,
794 4266 814 4299 3.
833 4289 864 4298 ..
883 4247 1018 4308 decumano,
1030 4252 1054 4300 d.
1073 4290 1103 4299 ..
1122 4248 1147 4296 13
1158 4247 1273 4311 (13333333,
