2754 4726
327 314 397 359 are.
415 315 515 362 xvm.
546 313 624 360 oar.
640 315 821 362 arv-xva.
851 316 949 365 sncr.
965 321 1048 364 aaa.
1180 307 1241 370 173

123 488 194 532 tura
216 476 282 542 est,
311 466 405 551 palea
431 465 544 529 ceteris
572 462 762 567 praefertur.
794 466 925 533 Vilibus
953 472 1106 556 praeripit
1129 495 1242 538 sucum

120 559 412 654 languescuntque,
436 565 464 630 si
485 564 517 629 in
541 566 672 631 arbusto
694 578 829 632 seratur.

143 670 212 736 .38.
243 666 312 733 Nec
339 667 407 731 ervi
434 689 569 753 operosa
596 690 674 732 cura
696 679 754 733 est.
787 668 861 734 Hoc
884 671 1022 756 amplius
1041 694 1137 757 quam
1159 674 1241 740 vicia
1257 695 1304 741 ras

119 779 288 846 runcatur,
315 778 348 831 et
376 768 483 852 ipsum
505 767 723 835 medicaminis
751 770 816 834 vim
838 770 1001 856 optinens,
1027 770 1147 860 quippe
1168 797 1241 840 cum

121 871 229 934 divom
251 870 439 955 Augustum
469 879 616 934 curatum
651 870 797 955 epistulis
827 872 930 956 ipsius
955 874 1107 938 memoria
1128 887 1242 941 exstet.

121 969 294 1037 Sufficiunt
315 969 451 1056 singulis
469 968 567 1033 boum
587 968 673 1054 iugis
687 970 784 1035 modii
799 971 890 1055 quini
905 973 975 1037 sati.
998 973 1119 1039 Martio
1134 999 1243 1041 mense

120 1083 224 1139 sarum
244 1069 375 1136 noxium
391 1092 460 1135 esse
475 1068 581 1135 bubus
596 1071 703 1148 aiunt,
725 1072 804 1136 item
818 1081 971 1138 autumno
984 1076 1243 1162 gravedinosum‚

119 1172 286 1239 innoxium
308 1182 416 1235 autem
436 1171 506 1236 fieri
528 1171 632 1257 primo
655 1194 730 1236 vere
753 1182 868 1238 satum.

162 1272 260 1339 XVI.
289 1272 341 1335 39.
374 1270 420 1334 Et
448 1271 548 1336 silicia
579 1272 641 1337 hoc
670 1282 719 1338 est
750 1273 858 1337 fenum
887 1272 1050 1342 Graecum
1077 1279 1241 1365 scaripha-
1258 1301 1305 1344 rso

121 1377 206 1441 tione
228 1374 361 1451 seritur,
384 1395 448 1436 non
469 1372 581 1438 altiore
603 1382 755 1456 quattuor
776 1373 951 1462 digitorum
975 1379 1077 1456 sulco,
1105 1391 1241 1463 quanto-

120 1499 184 1560 que
210 1475 302 1562 peius
330 1484 501 1552 tractatur,
535 1484 624 1539 tanto
659 1474 808 1560 provenit
833 1476 957 1542 melius.
998 1478 1122 1545 Rarum
1153 1481 1243 1547 dictu
1283 1536 1285 1543 .

120 1599 192 1641 esse
213 1575 336 1661 aliquid
357 1576 410 1641 oui
424 1576 527 1662 prosit
545 1576 768 1664 neglegentia3
791 1576 826 1639 id
848 1588 953 1642 autem
975 1580 1061 1662 quod
1082 1582 1187 1646 secale
1205 1604 1243 1647 ac

119 1677 248 1766 farrago
270 1679 451 1764 appellatur
471 1678 577 1743 occari
600 1689 724 1742 tantum
745 1677 916 1742 desiderat.

162 1781 214 1844 40.
239 1776 353 1844 Secale
374 1778 508 1844 Taurini
531 1777 591 1844 sub
605 1778 746 1864 Alpibus
768 1780 867 1844 asiam
883 1794 1014 1860 vocant,
1038 1781 1243 1850 deterrimum
1258 1801 1304 1847 141

122 1881 179 1947 sed
201 1891 324 1946 tantum
338 1881 378 1944 ad
393 1880 562 1945 arcendam
583 1880 716 1954 famem3
739 1879 879 1944 fecunda
902 1883 959 1944 scd
980 1884 1092 1967 gracili
1115 1887 1243 1971 stipula,

122 1982 252 2070 nigritia
275 1981 382 2058 triste,
404 1981 546 2066 pondere
567 1979 788 2064 praecipuum.
814 1980 1022 2046 Admiscetur
1042 1983 1116 2047 huic
1137 1985 1188 2047 far
1209 1996 1244 2047 ut

123 2083 246 2171 mitiget
266 2081 512 2147 amaritudinem
535 2081 621 2157 eius,
650 2090 681 2144 et
708 2090 815 2144 tamen
842 2080 889 2145 sic
916 2103 1043 2165 quoque
1064 2083 1244 2170 ingratissi-

122 2206 208 2249 mam
235 2183 341 2248 ventri
368 2194 428 2247 est.
460 2181 612 2247 Nascitur
638 2180 863 2265 qualicumque
885 2182 954 2248 solo
976 2204 1048 2248 oum
1071 2184 1245 2250 centesimo

122 2305 222 2370 grano
242 2284 413 2368 ipsumque
436 2304 494 2366 pro
516 2281 687 2347 laetamine
709 2292 766 2346 ast.

110 2402 113 2407 ·
163 2387 216 2450 41.
249 2383 397 2469 Farrago
423 2405 464 2447 ex
484 2383 691 2448 recrementis
713 2382 808 2447 farris
828 2383 1007 2469 praedensa
1028 2384 1162 2463 seritur,
1185 2385 1308 2449 rad-142

122 2486 224 2551 mixta
249 2484 421 2569 aliquando
449 2494 482 2547 et
507 2483 605 2561 vicia3
639 2482 751 2547 eadem
778 2482 811 2546 in
840 2483 953 2549 Africa
981 2485 1019 2549 fit
1046 2508 1087 2550 ex
1112 2485 1242 2551 hordeo.

123 2585 242 2652 Omnia
262 2584 342 2651 haec
364 2583 545 2670 pabularia;
574 2583 836 2670 degeneransque
863 2606 904 2647 ex
925 2584 1140 2671 leguminibus
1162 2609 1244 2670 quae

124 2699 256 2754 vocatur
276 2708 406 2763 cracaa,
433 2685 468 2749 in
496 2693 621 2748 tantum
647 2683 802 2749 columbis
823 2694 917 2770 grata
938 2693 974 2746 ut
994 2695 1105 2768 pastas
1127 2707 1165 2750 ea
1185 2708 1243 2750 ne·

123 2797 202 2874 gent
220 2787 376 2875 fugitivas
397 2786 485 2852 illius
505 2785 569 2850 loci
589 2783 670 2849 fieri.

122 2952 136 2959 ,
163 2890 217 2955 42.
250 2885 353 2974 Apud
373 2887 521 2973 antiquos
545 2898 615 2952 erat
635 2884 747 2971 pabuli
768 2906 873 2972 genus
895 2885 981 2968 quod
1004 2883 1087 2950 Cato
1117 2886 1244 2952 ocinum
1259 2903 1307 2948 raa

31 3072 36 3081 Ι
124 3001 232 3069 vocat,
262 3011 327 3074 quo
354 2989 507 3055 sistebant
534 2990 639 3054 alvom
667 2985 790 3063 bubus3
818 2987 852 3050 id
874 2996 942 3050 erat
964 3008 982 3050 e
1003 2986 1114 3070 pabuli
1136 3000 1244 3074 segete

124 3091 226 3183 riride
253 3090 418 3157 desectum
443 3100 614 3174 antequam
640 3089 772 3176 gelaret.
806 3083 890 3151 Sura
912 3085 1077 3152 Mamilius
1099 3088 1191 3154 aliter
1210 3089 1245 3156 id

158 3267 174 3329 ς
188 3270 243 3315 140.
265 3262 353 3324 silicia
366 3267 389 3313 d.
412 3261 506 3324 Smila,
518 3277 540 3311 a.
562 3259 639 3322 silica,
651 3262 682 3310 T.
700 3257 795 3320 sitista,
807 3259 915 3310 Salmas.
929 3275 1010 3310 exerc.
1023 3277 1048 3325 p.
1063 3266 1118 3313 172.
1130 3264 1154 3312 b.
1165 3262 1196 3314 G.
1211 3305 1242 3313 ..

125 3329 307 3395 scariphatione,
318 3347 342 3381 a.
359 3330 534 3395 acrar'y‘atiane,
547 3331 571 3378 d.
588 3326 771 3391 scarfieationa
783 3328 887 3378 Barbar.
899 3322 949 3393 βγ.
962 3368 993 3377 ..
1014 3336 1149 3390 traemam,
1161 3333 1197 3380 a¹.
1211 3372 1242 3381 -

125 3395 359 3464 myliymtiqdssr.
378 3439 409 3448 -
432 3396 533 3462 quida.
552 3437 583 3446 ..
606 3412 645 3457 ac,
655 3397 717 3447 adr.
740 3391 860 3458 atqueafl.
879 3437 910 3463 .-
925 3395 1046 3460 fraqaa.
1067 3438 1098 3446 ..
1120 3396 1243 3461 appellau-

125 3474 172 3528 tar,
184 3483 206 3516 a.
226 3506 258 3516 ...
276 3463 418 3527 masat
430 3483 453 3516 a.
863 3502 868 3509 .

159 3561 243 3624 5141.
271 3556 374 3620 secati,
386 3559 423 3608 a¹.
442 3599 473 3607 ..
491 3556 648 3619 detera-imum,
660 3560 704 3607 ad.
724 3556 873 3618 teterrimam,
883 3557 914 3605 T.
933 3557 1077 3617 atmimum,
1088 3558 1121 3607 K.
1141 3597 1172 3605 ..
1193 3556 1243 3618 aad,

125 3628 199 3677 Tan.
217 3632 247 3686 er,
258 3620 310 3690 βγ.
329 3665 360 3674 ...
371 3625 474 3689 famem,
489 3618 588 3675 O'raa.
598 3626 694 3689 samem
705 3623 769 3685 atila,
781 3620 810 3684 β.
824 3664 855 3672 -
865 3621 984 3687 fecunda,
1000 3617 1079 3673 θΤᾶ.
1097 3622 1207 3685 secanda,
1220 3640 1243 3674 a

127 3735 158 3743 ..
168 3693 266 3756 fistula,
276 3694 310 3743 K.
329 3733 360 3742 ..
375 3691 488 3757 pondere,
500 3692 575 3742 Tad.
592 3691 636 3741 sed
642 3690 755 3756 pondere,
767 3687 819 3755 βγ.

160 3789 245 3849 ς142.
271 3783 424 3846 recrementis,
437 3801 460 3835 a.
479 3824 511 3835 ..
533 3783 635 3845 citima
655 3823 686 3834 ..
712 3781 1120 3848 deamaamqae‚d(codd.(icl.)
1146 3784 1243 3850 doyens-

126 3869 184 3902 rans
194 3853 242 3916 qai,
254 3868 277 3902 a.
296 3892 327 3901 -
344 3868 439 3914 craoaa,
454 3842 483 3901 θ.
1086 3865 1088 3869 ·

160 3939 246 4000 5148.
272 3934 372 3996 amcam,
384 3938 429 3986 ad.
447 3951 551 4001 caynam,
566 3928 595 3984 θ.
614 3950 726 4000 ocymum,
737 3929 766 3995 β.
785 3974 815 3982 ..
835 3932 900 3996 qaod
909 3933 1012 3996 arctabat,
1024 3937 1055 3987 Τ.
1074 3953 1119 3999 quo
1130 3936 1244 4001 citabant,

128 4003 205 4064 Pina,
217 4003 332 4066 Scaliger
343 4011 369 4053 et
380 4003 498 4054 Schneid.
512 4005 545 4054 ad
556 4003 630 4053 Varr.
642 4003 674 4052 de
685 4017 712 4052 re
721 4009 782 4052 rust.
792 4001 813 4050 1.
824 4005 865 4062 31,
875 4008 899 4051 4.
913 4043 944 4052 -
963 4018 976 4050 e
982 4002 1072 4065 pabuli,
1082 4007 1136 4055 cod
1146 4004 1243 4055 Victor.

127 4073 160 4120 ad
171 4072 245 4122 Varr.
257 4071 275 4120 l.
287 4071 305 4119 l.
328 4069 454 4134 opobalrb,
466 4066 536 4134 assr.
556 4068 648 4133 pabuli,
659 4071 713 4120 Ta.
732 4110 763 4119 ..
781 4067 866 4131 viride,
878 4071 942 4120 Tad
954 4067 1022 4131 (cod.
1034 4069 1147 4133 Victor.)
1164 4071 1243 4135 viridi,

127 4133 179 4202 βγ.
198 4179 229 4187 -
253 4135 377 4197 matum,
389 4138 434 4186 Τά
446 4136 531 4200 (codd.
543 4135 654 4200 Victor.)
676 4136 773 4200 damis,
786 4154 809 4187 a.
832 4133 933 4197 daseia,
944 4132 995 4199 βγ.
1015 4176 1047 4185 ..
1068 4137 1166 4201 pataret,
1178 4149 1245 4190 certe

127 4219 201 4256 corru
218 4213 281 4256 tum.
302 4204 436 4269 aliquast,
447 4205 523 4264 Pina,
534 4204 642 4265 Victor..
653 4205 772 4256 Schneid.
794 4201 947 4268 ,euasura
959 4203 1078 4266 Scaliger.
1099 4247 1129 4255 ..
1154 4206 1245 4256 Mami-

129 4271 181 4334 lius,
197 4220 299 4325 drea
316 4271 435 4335 Manliae,
447 4267 476 4333 β.
498 4311 524 4320 -
544 4269 660 4335 alitarid,
672 4274 717 4323 ad.
735 4271 763 4320 id
772 4265 912 4333 aliter‚ssr.
