2754 4726
348 303 417 348 nm.
435 303 535 350 xvrn.
568 303 645 349 our.
664 304 762 351 xxm.
794 305 891 352 seor.
907 308 938 351 ⁵⁵.
954 309 985 351 oc.
1163 294 1222 358 189

106 453 311 540 vergiliarum
333 452 422 535 sequi
445 453 573 530 imbris,
596 475 615 516 a
638 462 783 537 septumo
805 455 872 521 fere
894 455 962 533 die3
992 456 1090 541 aliqui
1112 458 1145 524 iu
1167 459 1223 523 sri-

104 554 189 641 gidis
211 552 253 617 ab
275 554 474 636 acquinoctio
494 553 650 633 autumni,
673 555 706 617 in
729 555 840 620 calidis
863 557 975 635 serius,
998 580 1037 623 ne
1059 571 1132 624 ante
1154 560 1222 626 hie-

104 678 187 721 mem
210 653 384 718 luxurient.
421 653 511 719 Inter
533 654 635 720 omnis
657 666 765 721 autem
794 657 942 721 convenit
968 658 1053 722 circa
1078 659 1223 726 brumam
1237 676 1287 721 204

104 755 275 822 serendum
296 777 360 819 non
384 777 463 832 esse,
486 777 602 843 magno
618 766 823 844 argumento,
847 756 997 841 quoniam
1017 757 1152 824 hiberna
1173 784 1224 827 se·

104 857 203 934 mina,
234 877 308 920 oum
335 867 408 920 ante
430 856 576 921 brumam
599 868 668 922 sata
691 858 769 936 sint,
800 868 947 943 septumo
970 857 1022 922 die
1044 873 1223 944 erumpant,

105 959 132 1022 si
152 967 226 1044 post
247 957 410 1034 brumam,
433 956 487 1022 vix
509 958 764 1045 quadragesimo.
797 957 882 1025 Sunt
904 959 960 1042 qui
981 971 1154 1044 properent
1174 973 1225 1026 at-

105 1081 166 1144 que
190 1059 237 1122 ita
263 1057 486 1143 pronuntient,
523 1058 704 1124 festinatam
739 1070 915 1125 sementem
943 1082 1038 1145 saepe
1066 1060 1225 1147 decipere,

106 1159 278 1224 serotinam
298 1179 424 1242 semper
430 1182 439 1232 ;
462 1159 654 1225 econtrario
669 1158 734 1235 alii,
755 1161 807 1223 vel
828 1182 904 1226 vere
926 1161 1034 1245 potius
1057 1163 1225 1228 serendum

105 1280 201 1342 quam
222 1258 305 1324 malo
328 1268 499 1336 autumno,
527 1268 623 1342 atque
650 1259 706 1323 ubi
729 1259 826 1324 fuerit
852 1283 1002 1339 necesse,
1030 1263 1114 1326 inter
1134 1265 1248 1329 favo·-

106 1359 194 1423 nium
214 1368 248 1423 et
268 1381 404 1424 vernum
425 1357 670 1440 aequinoctium.
694 1356 837 1440 Quidam
855 1362 975 1425 omissa
996 1362 1126 1427 caelesti
1149 1364 1225 1429 sub·
1238 1377 1287 1423 205

107 1459 220 1524 tilitate
246 1459 444 1544 temporibus
471 1458 641 1524 definiunt:
671 1482 747 1524 vere
775 1459 875 1525 linum
905 1471 938 1527 et
958 1483 1093 1528 avenam
1114 1475 1146 1529 et
1165 1487 1225 1550 pa·

46 1575 48 1578 ’
105 1571 334 1646 pareretque,
365 1560 412 1624 uti
433 1582 519 1625 nunc
540 1560 636 1624 etiam
657 1560 864 1646 transpadani
891 1572 1037 1639 servant,
1069 1563 1226 1646 usquein

106 1661 334 1745 quinquatrus,
367 1659 490 1740 fabam,
527 1660 687 1748 siliginem
720 1660 897 1727 Novembri
929 1685 1053 1739 mense,
1086 1662 1137 1726 far
1163 1661 1224 1729 Se-

107 1762 244 1847 ptembri
258 1773 402 1826 extremo
417 1783 520 1844 nsque
534 1761 568 1825 in
581 1762 654 1826 idus
669 1759 838 1841 Octobris,
861 1763 915 1827 alii
936 1775 1011 1850 post
1031 1763 1118 1830 hunc
1139 1765 1224 1831 diem

107 1862 139 1926 in
157 1863 312 1929 kalendas
333 1862 540 1927 Novembris.
569 1861 621 1924 Ita
642 1861 691 1926 his
713 1863 800 1926 nulla
819 1874 953 1944 naturae
976 1887 1053 1929 oura
1075 1876 1140 1942 est,
1162 1865 1225 1930 illis

107 1964 212 2043 nimia,
234 1974 267 2028 et
287 1963 360 2028 ideo
380 1985 475 2027 caeca
496 1960 666 2038 subtilitas,
689 1983 762 2024 cum
782 1984 832 2025 res
847 1974 979 2049 geratur
992 1965 1075 2028 inter
1088 1965 1225 2030 rusticos

108 2064 345 2148 litterarumque
367 2062 526 2148 expertis,
554 2084 618 2126 non
641 2061 735 2126 modo
758 2061 909 2126 siderum.
944 2061 991 2124 Et
1012 2063 1225 2128 confitendum
1238 2076 1287 2123 2⁰6

109 2175 154 2228 est
190 2166 281 2230 caelo
316 2187 465 2229 maxumo
500 2172 647 2229 constare
677 2185 729 2239 ea,
770 2161 891 2248 quippe
920 2161 1067 2251 Vergilio
1095 2163 1225 2231 iubente

109 2265 266 2350 praedisci
288 2275 401 2330 ventos
423 2274 497 2328 ante
519 2263 625 2329 omnia
647 2284 685 2328 ac
707 2263 846 2328 siderum
868 2286 992 2343 mores,
1015 2288 1119 2351 neque
1134 2266 1226 2332 aliter

109 2387 200 2449 quam
222 2365 451 2453 navigantibus
475 2365 606 2430 servari.
634 2361 719 2449 Spes
740 2364 842 2430 ardua
864 2375 897 2429 et
922 2366 1066 2431 inmensa
1098 2366 1226 2432 misceri

110 2487 200 2550 posse
232 2467 403 2532 caelestem
436 2465 634 2530 divinitatem
665 2465 833 2549 inperitiae
866 2466 1022 2543 rusticae,
1060 2465 1115 2530 sed
1137 2476 1224 2558 ‘tem-

110 2566 226 2650 ptanda
247 2576 313 2632 tam
334 2565 450 2654 grandi
471 2566 555 2631 vitae
577 2565 807 2640 emolument03
835 2565 926 2649 prius
949 2577 1055 2631 tamen
1078 2566 1224 2631 sideralis

112 2665 293 2746 difficultas,
322 2689 420 2751 quam
443 2687 571 2731 sensere
601 2663 698 2729 etiam
724 2663 836 2750 periti,
870 2664 1056 2729 subicienda
1082 2676 1224 2730 contem·

111 2767 239 2850 plationi
260 2777 326 2844 est,
348 2788 411 2850 quo
426 2765 542 2830 deinde
555 2763 669 2830 laetior
687 2785 778 2827 mens
800 2762 943 2826 discedat
959 2787 977 2828 a
993 2764 1080 2829 caelo
1096 2775 1128 2828 et
1141 2765 1225 2829 facta

112 2869 220 2935 sentiat
241 2888 325 2953 quae
346 2868 453 2931 futura
475 2864 642 2952 praenosci
663 2858 883 2949 nonpossint.

142 3091 224 3152 §202
248 3088 335 3150 load.
357 3130 386 3136 ..
412 3087 531 3152 Veroitiu
546 3104 633 3152 georg.
649 3093 790 3163 1,219..-
814 3082 933 3141 hordeum,
945 3085 1042 3148 Vergil.
1055 3087 1071 3134 l.
1083 3086 1102 3135 l.
1115 3092 1171 3136 208.
1190 3127 1221 3136 -

112 3171 333 3236 annuerent.
346 3175 364 3222 1.
377 3177 434 3224 227.
449 3214 479 3221 ..
496 3170 620 3234 paeone,
633 3173 657 3220 o.
667 3151 811 3233 sueonos,
824 3185 846 3218 a.
865 3176 888 3216 n
895 3166 1011 3231 saeos,
1024 3171 1054 3219 r.
1067 3210 1091 3219 -
1110 3185 1165 3232 quo,
1177 3171 1222 3221 aa.

112 3279 139 3287 -
157 3238 288 3304 digerendi,
299 3242 404 3291 Barbar.
422 3236 548 3303 dirigendi,
564 3231 666 3286 Orno.

141 3327 222 3387 5203.
241 3341 287 3373 non
299 3331 465 3387 corrumpente,
478 3322 567 3381 Hard.‚
585 3323 653 3383 quod
664 3320 756 3384 probat
767 3319 913 3370 Schneider.
926 3323 957 3369 ad
970 3321 1111 3382 Columell„
1119 3323 1153 3372 II.
1164 3330 1188 3384 8,
1198 3328 1222 3372 4.

111 3400 274 3454 corrumpente,
287 3394 324 3440 ad
328 3387 351 3452 β
355 3405 380 3455 γ.
400 3390 558 3452 incorruptum
569 3396 595 3435 ut
606 3386 696 3449 horreo,
708 3388 775 3437 Pint.

141 3475 224 3536 5204.
248 3477 319 3536 eitra,
337 3477 419 3526 Ursiu.
437 3477 469 3524 ad
485 3475 559 3523 Varr.
577 3475 607 3522 de
623 3490 649 3523 re
665 3483 726 3522 rust.
743 3473 818 3533 Lat,
833 3480 853 3523 1.
871 3456 896 3524 et
907 3475 986 3534 Pint.,
1005 3476 1048 3538 qui
1066 3477 1141 3525 etiam
1158 3473 1223 3525 ultro

74 3572 81 3577 -
109 3542 159 3606 legi
170 3559 244 3606 posse
257 3546 299 3592 ait
318 3544 355 3592 At
366 3559 389 3591 v.
400 3542 536 3592 Columell.
549 3540 584 3589 11.
597 3544 620 3601 8,
634 3547 658 3590 2.
670 3582 700 3589 -
715 3539 820 3595 hiberno,
832 3543 899 3590 delet
910 3542 993 3591 Ursiu.
1007 3582 1037 3591 ..
1055 3551 1119 3602 roto,
1132 3543 1222 3592 Tadr.

109 3619 175 3670 nuto,
184 3606 213 3672 β.
232 3652 263 3660 .,
282 3617 345 3670 sunt,
357 3625 377 3658 r.
395 3651 425 3658 ..
441 3615 581 3672 properant,
593 3625 616 3657 a.
634 3649 665 3656 -
685 3599 868 3665 meleduno.
887 3607 947 3656 mole
959 3607 991 3663 in,
1003 3603 1032 3668 β

141 3695 224 3755 5205.
252 3693 345 3751 emissa
362 3695 407 3743 ad.
426 3733 457 3741 ..
485 3690 580 3741 coelati
593 3689 727 3748 subtilitate,
743 3685 822 3741 θΤᾱ.
848 3689 1063 3750 cuclertr‘svilitote
1078 3709 1100 3742 a.
1127 3690 1226 3742 coelesti

107 3776 165 3810 curu
180 3771 205 3811 ut
218 3759 306 3823 inutili,
317 3755 347 3821 β
367 3802 397 3809 ..
425 3758 545 3820 definiunt,
562 3759 615 3808 Τά.
643 3756 761 3820 deficiunt,
778 3775 801 3808 a.
826 3766 914 3818 serunt,
927 3752 956 3806 θ.
974 3798 1005 3807 ..
1032 3774 1093 3808 nunc
1107 3759 1222 3821 ctiom‚a.

108 3844 175 3888 nunc,
188 3824 237 3880 Od.
257 3869 288 3878 -
307 3825 481 3890 quinqueidua,
493 3843 515 3876 a.
529 3866 560 3875 ..
580 3823 719 3884 Nouembre‚
736 3819 784 3873 Oa.
798 3866 828 3874 ..
848 3841 913 3882 curo,
926 3840 949 3873 a.
967 3840 1026 3872 curo
1037 3825 1140 3887 minima,
1152 3830 1176 3876 d.
1190 3867 1221 3876 ..

106 3905 204 3958 quatur
215 3896 277 3946 inter
288 3895 395 3953 rusticor,
406 3895 452 3943 ad.
470 3893 530 3942 inter
540 3892 639 3942 rusticos
649 3899 755 3956 geratur,
766 3887 795 3952 β.
815 3931 845 3941 ..
864 3906 917 3952 non,
931 3893 987 3942 a¹d.
1005 3907 1068 3954 nom,
1081 3896 1121 3942 a².

141 3981 224 4042 §tou
248 3977 305 4039 sed,
317 3980 350 4028 Κ.
371 4018 401 4026 -
427 3975 531 4042 Verqitto
542 3991 628 4040 georg.
643 3981 665 4034 l,
678 3982 735 4025 204.
757 4015 782 4023 ..
809 3976 974 4036 morcs,Pint.
993 4016 1024 4024 ..
1043 3992 1087 4023 non
1100 3975 1177 4036 aliter,
1188 3975 1222 4025 K.

110 4085 138 4093 -
160 4053 181 4093 et
191 4047 305 4103 inmersa,
317 4062 339 4094 a
360 4045 479 4104 immenso,
492 4047 516 4095 d.
534 4084 566 4093 ..
585 4041 695 4103 mucce,
708 4043 739 4092 Τ.
753 4043 841 4093 Omitt.
853 4046 889 4093 ad
894 4037 944 4106 βγ.
965 4082 995 4090 -
1014 4041 1134 4103 tentando,
1147 4044 1221 4094 codd.

109 4111 165 4162 Gel.
183 4111 370 4175 contemplando,
383 4114 493 4175 Tadrr.
513 4152 544 4159 -
564 4117 619 4171 tom,
636 4111 679 4158 ad.
701 4108 759 4169 iam,
776 4110 849 4160 codd.
863 4110 921 4160 Ger.
945 4117 1028 4169 tamen,
1041 4125 1060 4158 r.
1079 4150 1110 4158 ..
1126 4107 1190 4174 plus,
1201 4126 1221 4158 r.

110 4218 139 4226 -
159 4178 367 4243 contemplationis,
379 4195 401 4228 a.
422 4219 450 4227 -
471 4194 524 4239 quo,
540 4168 654 4226 Orant.
672 4174 743 4239 quod,
754 4173 782 4237 β.
803 4216 832 4224 ..
843 4177 923 4240 foetu,
939 4170 967 4223 θ.
987 4215 1016 4223 -
1033 4185 1138 4238 possunt,
1151 4178 1181 4226 T.
