<?xml version="1.0" encoding="UTF-8"?>
<!DOCTYPE html PUBLIC "-//W3C//DTD XHTML 1.0 Transitional//EN"
    "http://www.w3.org/TR/xhtml1/DTD/xhtml1-transitional.dtd">
<html xmlns="http://www.w3.org/1999/xhtml" xml:lang="en" lang="en">
 <head>
  <title>
</title>
<meta http-equiv="Content-Type" content="text/html;charset=utf-8" />
  <meta name='ocr-system' content='tesseract 3.04.00' />
  <meta name='ocr-capabilities' content='ocr_page ocr_carea ocr_par ocr_line ocrx_word'/>
</head>
<body>
  <div class='ocr_page' id='page_1' title='image "./cplinisecundina02grongoog_0017.png"; bbox 0 0 2754 4726; ppageno 0'>
   <div class='ocr_carea' id='block_1_1' title="bbox 60 294 882 357">
    <p class='ocr_par' dir='ltr' id='par_1_1' title="bbox 60 294 882 357">
     <span class='ocr_line' id='line_1_1' title="bbox 60 294 882 357; baseline 0.001 -1"><span class='ocrx_word' id='word_1_1' title='bbox 60 294 63 298; x_wconf 70' lang='grc'>“</span> <span class='ocrx_word' id='word_1_2' title='bbox 117 295 137 357; x_wconf 85' lang='grc'>6</span> <span class='ocrx_word' id='word_1_3' title='bbox 464 306 666 355; x_wconf 71' lang='lat' dir='ltr'><strong>uacuamrs</strong></span> <span class='ocrx_word' id='word_1_4' title='bbox 689 308 882 356; x_wconf 80' lang='lat' dir='ltr'><strong>msroumn</strong></span> 
     </span>
    </p>
   </div>
   <div class='ocr_carea' id='block_1_2' title="bbox 52 457 1274 2956">
    <p class='ocr_par' dir='ltr' id='par_1_2' title="bbox 92 457 1273 1146">
     <span class='ocr_line' id='line_1_2' title="bbox 161 457 1273 546; baseline -0.003 -21"><span class='ocrx_word' id='word_1_5' title='bbox 161 458 221 525; x_wconf 92' lang='lat' dir='ltr'><strong>VI.</strong></span> <span class='ocrx_word' id='word_1_6' title='bbox 244 463 273 524; x_wconf 82' lang='grc'><strong>7.</strong></span> <span class='ocrx_word' id='word_1_7' title='bbox 305 457 389 545; x_wconf 85' lang='lat' dir='ltr'><strong>Fagi</strong></span> <span class='ocrx_word' id='word_1_8' title='bbox 416 458 509 546; x_wconf 88' lang='lat' dir='ltr'><strong>glans</strong></span> <span class='ocrx_word' id='word_1_9' title='bbox 536 457 656 524; x_wconf 77' lang='lat' dir='ltr'>nucleis</span> <span class='ocrx_word' id='word_1_10' title='bbox 683 458 794 523; x_wconf 91' lang='lat' dir='ltr'><strong>similis</strong></span> <span class='ocrx_word' id='word_1_11' title='bbox 816 457 975 546; x_wconf 84' lang='lat' dir='ltr'><strong>triangula</strong></span> <span class='ocrx_word' id='word_1_12' title='bbox 997 469 1070 523; x_wconf 87' lang='lat' dir='ltr'><strong>cute</strong></span> <span class='ocrx_word' id='word_1_13' title='bbox 1091 457 1228 524; x_wconf 90' lang='lat' dir='ltr'><strong>includi·</strong></span> <span class='ocrx_word' id='word_1_14' title='bbox 1243 480 1273 523; x_wconf 85' lang='lat' dir='ltr'><strong>rs</strong></span> 
     </span>
     <span class='ocr_line' id='line_1_3' title="bbox 117 557 1228 644; baseline -0.002 -20"><span class='ocrx_word' id='word_1_15' title='bbox 117 570 178 627; x_wconf 88' lang='lat' dir='ltr'><strong>tur.</strong></span> <span class='ocrx_word' id='word_1_16' title='bbox 209 558 347 624; x_wconf 84' lang='lat' dir='ltr'><strong>Folium</strong></span> <span class='ocrx_word' id='word_1_17' title='bbox 360 568 455 623; x_wconf 89' lang='lat' dir='ltr'><strong>tenus</strong></span> <span class='ocrx_word' id='word_1_18' title='bbox 476 567 572 640; x_wconf 87' lang='lat' dir='ltr'><strong>atque</strong></span> <span class='ocrx_word' id='word_1_19' title='bbox 601 580 619 624; x_wconf 92' lang='lat' dir='ltr'><strong>e</strong></span> <span class='ocrx_word' id='word_1_20' title='bbox 639 557 819 636; x_wconf 89' lang='lat' dir='ltr'><strong>levissimis,</strong></span> <span class='ocrx_word' id='word_1_21' title='bbox 845 557 965 644; x_wconf 91' lang='lat' dir='ltr'><strong>populo</strong></span> <span class='ocrx_word' id='word_1_22' title='bbox 987 557 1100 635; x_wconf 88' lang='lat' dir='ltr'><strong>similo,</strong></span> <span class='ocrx_word' id='word_1_23' title='bbox 1128 559 1228 624; x_wconf 90' lang='lat' dir='ltr'><strong>celer-</strong></span> 
     </span>
     <span class='ocr_line' id='line_1_4' title="bbox 116 651 1229 745; baseline -0.004 -17"><span class='ocrx_word' id='word_1_24' title='bbox 116 651 195 728; x_wconf 80' lang='lat' dir='ltr'><strong>rime</strong></span> <span class='ocrx_word' id='word_1_25' title='bbox 223 658 399 724; x_wconf 74' lang='lat' dir='ltr'><strong>flavescens</strong></span> <span class='ocrx_word' id='word_1_26' title='bbox 427 666 459 722; x_wconf 88' lang='lat' dir='ltr'><strong>et</strong></span> <span class='ocrx_word' id='word_1_27' title='bbox 486 658 591 722; x_wconf 90' lang='lat' dir='ltr'><strong>media</strong></span> <span class='ocrx_word' id='word_1_28' title='bbox 611 667 702 744; x_wconf 89' lang='lat' dir='ltr'><strong>parte</strong></span> <span class='ocrx_word' id='word_1_29' title='bbox 723 658 909 745; x_wconf 91' lang='lat' dir='ltr'><strong>plerumque</strong></span> <span class='ocrx_word' id='word_1_30' title='bbox 931 658 1068 743; x_wconf 88' lang='lat' dir='ltr'><strong>gignens</strong></span> <span class='ocrx_word' id='word_1_31' title='bbox 1090 679 1229 745; x_wconf 78' lang='lat' dir='ltr'>superne</span> 
     </span>
     <span class='ocr_line' id='line_1_5' title="bbox 116 758 1230 845; baseline 0 -21"><span class='ocrx_word' id='word_1_32' title='bbox 116 760 279 845; x_wconf 75' lang='lat' dir='ltr'><strong>parvolam</strong></span> <span class='ocrx_word' id='word_1_33' title='bbox 294 759 408 824; x_wconf 90' lang='lat' dir='ltr'><strong>bacam</strong></span> <span class='ocrx_word' id='word_1_34' title='bbox 419 758 554 824; x_wconf 90' lang='lat' dir='ltr'><strong>viridem</strong></span> <span class='ocrx_word' id='word_1_35' title='bbox 564 758 725 826; x_wconf 88' lang='lat' dir='ltr'><strong>cacumine</strong></span> <span class='ocrx_word' id='word_1_36' title='bbox 737 758 923 824; x_wconf 75' lang='lat' dir='ltr'><strong>aculeatam.</strong></span> <span class='ocrx_word' id='word_1_37' title='bbox 945 758 1074 844; x_wconf 86' lang='lat' dir='ltr'><strong>Fagum</strong></span> <span class='ocrx_word' id='word_1_38' title='bbox 1083 758 1230 824; x_wconf 80' lang='lat' dir='ltr'><strong>muribus</strong></span> 
     </span>
     <span class='ocr_line' id='line_1_6' title="bbox 92 858 1230 947; baseline 0.001 -24"><span class='ocrx_word' id='word_1_39' title='bbox 92 865 95 870; x_wconf 82' lang='grc'><strong>’</strong></span> <span class='ocrx_word' id='word_1_40' title='bbox 117 859 333 946; x_wconf 79' lang='lat' dir='ltr'><strong>gratissimam</strong></span> <span class='ocrx_word' id='word_1_41' title='bbox 355 880 438 936; x_wconf 90' lang='lat' dir='ltr'><strong>esse,</strong></span> <span class='ocrx_word' id='word_1_42' title='bbox 461 869 493 922; x_wconf 92' lang='lat' dir='ltr'><strong>et</strong></span> <span class='ocrx_word' id='word_1_43' title='bbox 513 858 586 923; x_wconf 92' lang='lat' dir='ltr'><strong>ideo</strong></span> <span class='ocrx_word' id='word_1_44' title='bbox 607 859 754 924; x_wconf 90' lang='lat' dir='ltr'><strong>animalis</strong></span> <span class='ocrx_word' id='word_1_45' title='bbox 775 858 844 924; x_wconf 88' lang='lat' dir='ltr'><strong>aius</strong></span> <span class='ocrx_word' id='word_1_46' title='bbox 864 881 929 924; x_wconf 89' lang='lat' dir='ltr'><strong>una</strong></span> <span class='ocrx_word' id='word_1_47' title='bbox 949 860 1230 947; x_wconf 79' lang='lat' dir='ltr'><strong>proventus3g1i·</strong></span> 
     </span>
     <span class='ocr_line' id='line_1_7' title="bbox 116 958 1231 1045; baseline 0.002 -21"><span class='ocrx_word' id='word_1_48' title='bbox 116 960 161 1025; x_wconf 91' lang='lat' dir='ltr'><strong>ris</strong></span> <span class='ocrx_word' id='word_1_49' title='bbox 194 981 322 1043; x_wconf 91' lang='lat' dir='ltr'><strong>quoque</strong></span> <span class='ocrx_word' id='word_1_50' title='bbox 359 959 496 1045; x_wconf 88' lang='lat' dir='ltr'><strong>saginat,</strong></span> <span class='ocrx_word' id='word_1_51' title='bbox 530 959 661 1045; x_wconf 87' lang='lat' dir='ltr'><strong>expedit</strong></span> <span class='ocrx_word' id='word_1_52' title='bbox 686 970 719 1024; x_wconf 86' lang='lat' dir='ltr'><strong>et</strong></span> <span class='ocrx_word' id='word_1_53' title='bbox 746 959 858 1024; x_wconf 89' lang='lat' dir='ltr'><strong>turdis.</strong></span> <span class='ocrx_word' id='word_1_54' title='bbox 895 958 1059 1024; x_wconf 88' lang='lat' dir='ltr'><strong>Arborum</strong></span> <span class='ocrx_word' id='word_1_55' title='bbox 1086 959 1231 1026; x_wconf 83' lang='lat' dir='ltr'><strong>fertilitas</strong></span> 
     </span>
     <span class='ocr_line' id='line_1_8' title="bbox 118 1059 932 1146; baseline -0.005 -20"><span class='ocrx_word' id='word_1_56' title='bbox 118 1060 258 1126; x_wconf 90' lang='lat' dir='ltr'><strong>omnium</strong></span> <span class='ocrx_word' id='word_1_57' title='bbox 277 1061 344 1124; x_wconf 89' lang='lat' dir='ltr'><strong>fere</strong></span> <span class='ocrx_word' id='word_1_58' title='bbox 365 1059 510 1136; x_wconf 83' lang='lat' dir='ltr'><strong>alternat,</strong></span> <span class='ocrx_word' id='word_1_59' title='bbox 534 1060 591 1123; x_wconf 90' lang='lat' dir='ltr'><strong>sed</strong></span> <span class='ocrx_word' id='word_1_60' title='bbox 611 1082 759 1124; x_wconf 85' lang='lat' dir='ltr'><strong>maxume</strong></span> <span class='ocrx_word' id='word_1_61' title='bbox 779 1059 856 1146; x_wconf 85' lang='lat' dir='ltr'><strong>fagi.</strong></span> <span class='ocrx_word' id='word_1_62' title='bbox 927 1133 932 1144; x_wconf 16' lang='grc' dir='ltr'>ἱ</span> 
     </span>
    </p>

    <p class='ocr_par' dir='ltr' id='par_1_3' title="bbox 52 1159 1274 2150">
     <span class='ocr_line' id='line_1_9' title="bbox 160 1159 1274 1246; baseline -0.003 -20"><span class='ocrx_word' id='word_1_63' title='bbox 160 1163 191 1226; x_wconf 84' lang='grc'><strong>8.</strong></span> <span class='ocrx_word' id='word_1_64' title='bbox 225 1159 385 1226; x_wconf 85' lang='lat' dir='ltr'><strong>Glandem</strong></span> <span class='ocrx_word' id='word_1_65' title='bbox 406 1181 488 1242; x_wconf 88' lang='lat' dir='ltr'><strong>quac</strong></span> <span class='ocrx_word' id='word_1_66' title='bbox 509 1159 636 1246; x_wconf 88' lang='lat' dir='ltr'><strong>proprie</strong></span> <span class='ocrx_word' id='word_1_67' title='bbox 657 1160 853 1246; x_wconf 90' lang='lat' dir='ltr'><strong>intellegitur</strong></span> <span class='ocrx_word' id='word_1_68' title='bbox 872 1159 979 1225; x_wconf 85' lang='lat' dir='ltr'><strong>ferunt</strong></span> <span class='ocrx_word' id='word_1_69' title='bbox 1000 1160 1106 1239; x_wconf 90' lang='lat' dir='ltr'><strong>robur,</strong></span> <span class='ocrx_word' id='word_1_70' title='bbox 1133 1182 1230 1244; x_wconf 90' lang='lat' dir='ltr'><strong>quer·</strong></span> <span class='ocrx_word' id='word_1_71' title='bbox 1245 1179 1274 1224; x_wconf 86' lang='lat' dir='ltr'><strong>ra</strong></span> 
     </span>
     <span class='ocr_line' id='line_1_10' title="bbox 119 1255 1231 1346; baseline 0.002 -22"><span class='ocrx_word' id='word_1_72' title='bbox 119 1280 186 1337; x_wconf 92' lang='lat' dir='ltr'><strong>cus,</strong></span> <span class='ocrx_word' id='word_1_73' title='bbox 209 1255 366 1335; x_wconf 78' lang='lat' dir='ltr'><strong>aesculus,</strong></span> <span class='ocrx_word' id='word_1_74' title='bbox 396 1280 515 1336; x_wconf 88' lang='lat' dir='ltr'><strong>cerrus,</strong></span> <span class='ocrx_word' id='word_1_75' title='bbox 543 1259 619 1338; x_wconf 84' lang='lat' dir='ltr'><strong>ilex,</strong></span> <span class='ocrx_word' id='word_1_76' title='bbox 643 1261 754 1336; x_wconf 82' lang='lat' dir='ltr'><strong>suber3</strong></span> <span class='ocrx_word' id='word_1_77' title='bbox 781 1261 944 1325; x_wconf 78' lang='lat' dir='ltr'><strong>continent</strong></span> <span class='ocrx_word' id='word_1_78' title='bbox 968 1259 1094 1346; x_wconf 92' lang='lat' dir='ltr'><strong>hispido</strong></span> <span class='ocrx_word' id='word_1_79' title='bbox 1122 1260 1231 1344; x_wconf 86' lang='lat' dir='ltr'><strong>calyce</strong></span> 
     </span>
     <span class='ocr_line' id='line_1_11' title="bbox 118 1359 1232 1446; baseline 0.002 -22"><span class='ocrx_word' id='word_1_80' title='bbox 118 1380 176 1444; x_wconf 89' lang='lat' dir='ltr'><strong>per</strong></span> <span class='ocrx_word' id='word_1_81' title='bbox 196 1380 325 1443; x_wconf 62' lang='lat' dir='ltr'><strong>genera.</strong></span> <span class='ocrx_word' id='word_1_82' title='bbox 342 1359 415 1443; x_wconf 93' lang='lat' dir='ltr'><strong>plus</strong></span> <span class='ocrx_word' id='word_1_83' title='bbox 436 1359 583 1429; x_wconf 83' lang='lat' dir='ltr'><strong>minusve</strong></span> <span class='ocrx_word' id='word_1_84' title='bbox 605 1362 835 1444; x_wconf 88' lang='lat' dir='ltr'><strong>conplectente.</strong></span> <span class='ocrx_word' id='word_1_85' title='bbox 867 1360 959 1426; x_wconf 86' lang='lat' dir='ltr'><strong>Folia</strong></span> <span class='ocrx_word' id='word_1_86' title='bbox 979 1371 1107 1446; x_wconf 88' lang='lat' dir='ltr'><strong>praeter</strong></span> <span class='ocrx_word' id='word_1_87' title='bbox 1126 1360 1232 1426; x_wconf 89' lang='lat' dir='ltr'><strong>ilicem</strong></span> 
     </span>
     <span class='ocr_line' id='line_1_12' title="bbox 118 1459 1233 1546; baseline 0 -24"><span class='ocrx_word' id='word_1_88' title='bbox 118 1459 241 1546; x_wconf 85' lang='lat' dir='ltr'><strong>gravia,</strong></span> <span class='ocrx_word' id='word_1_89' title='bbox 270 1481 412 1537; x_wconf 86' lang='lat' dir='ltr'><strong>carnosa,</strong></span> <span class='ocrx_word' id='word_1_90' title='bbox 441 1481 585 1544; x_wconf 83' lang='lat' dir='ltr'><strong>procera,</strong></span> <span class='ocrx_word' id='word_1_91' title='bbox 613 1459 744 1525; x_wconf 88' lang='lat' dir='ltr'><strong>sinuosa</strong></span> <span class='ocrx_word' id='word_1_92' title='bbox 763 1460 916 1525; x_wconf 89' lang='lat' dir='ltr'><strong>lateribus</strong></span> <span class='ocrx_word' id='word_1_93' title='bbox 937 1482 996 1524; x_wconf 91' lang='lat' dir='ltr'><strong>nec</strong></span> <span class='ocrx_word' id='word_1_94' title='bbox 1018 1483 1091 1524; x_wconf 91' lang='lat' dir='ltr'><strong>cum</strong></span> <span class='ocrx_word' id='word_1_95' title='bbox 1113 1460 1233 1526; x_wconf 87' lang='lat' dir='ltr'><strong>cadunt</strong></span> 
     </span>
     <span class='ocr_line' id='line_1_13' title="bbox 118 1553 1249 1647; baseline 0.004 -25"><span class='ocrx_word' id='word_1_96' title='bbox 118 1559 324 1627; x_wconf 86' lang='lat' dir='ltr'><strong>flavescentia</strong></span> <span class='ocrx_word' id='word_1_97' title='bbox 350 1571 387 1625; x_wconf 93' lang='lat' dir='ltr'><strong>ut</strong></span> <span class='ocrx_word' id='word_1_98' title='bbox 413 1558 498 1647; x_wconf 83' lang='lat' dir='ltr'><strong>fagi3</strong></span> <span class='ocrx_word' id='word_1_99' title='bbox 530 1581 589 1646; x_wconf 88' lang='lat' dir='ltr'><strong>pro</strong></span> <span class='ocrx_word' id='word_1_100' title='bbox 616 1560 797 1626; x_wconf 80' lang='lat' dir='ltr'><strong>differentia</strong></span> <span class='ocrx_word' id='word_1_101' title='bbox 821 1582 976 1646; x_wconf 82' lang='lat' dir='ltr'><strong>generum</strong></span> <span class='ocrx_word' id='word_1_102' title='bbox 1006 1560 1152 1628; x_wconf 87' lang='lat' dir='ltr'><strong>breviora</strong></span> <span class='ocrx_word' id='word_1_103' title='bbox 1179 1553 1249 1627; x_wconf 66' lang='lat' dir='ltr'><strong>vel.</strong></span> 
     </span>
     <span class='ocr_line' id='line_1_14' title="bbox 52 1659 1233 1746; baseline 0.005 -24"><span class='ocrx_word' id='word_1_104' title='bbox 52 1712 54 1715; x_wconf 95' lang='lat'><strong>.</strong></span> <span class='ocrx_word' id='word_1_105' title='bbox 118 1659 272 1744; x_wconf 85' lang='lat' dir='ltr'><strong>longiora.</strong></span> <span class='ocrx_word' id='word_1_106' title='bbox 308 1659 396 1726; x_wconf 90' lang='lat' dir='ltr'><strong>Ilicis</strong></span> <span class='ocrx_word' id='word_1_107' title='bbox 425 1661 488 1726; x_wconf 91' lang='lat' dir='ltr'><strong>duo</strong></span> <span class='ocrx_word' id='word_1_108' title='bbox 515 1682 649 1746; x_wconf 83' lang='lat' dir='ltr'><strong>genera3</strong></span> <span class='ocrx_word' id='word_1_109' title='bbox 683 1682 723 1725; x_wconf 86' lang='lat' dir='ltr'><strong>ex</strong></span> <span class='ocrx_word' id='word_1_110' title='bbox 749 1660 800 1725; x_wconf 91' lang='lat' dir='ltr'><strong>his</strong></span> <span class='ocrx_word' id='word_1_111' title='bbox 825 1663 860 1725; x_wconf 91' lang='lat' dir='ltr'><strong>in</strong></span> <span class='ocrx_word' id='word_1_112' title='bbox 885 1661 978 1728; x_wconf 86' lang='lat' dir='ltr'><strong>Italia</strong></span> <span class='ocrx_word' id='word_1_113' title='bbox 1003 1661 1080 1727; x_wconf 91' lang='lat' dir='ltr'><strong>folio</strong></span> <span class='ocrx_word' id='word_1_114' title='bbox 1105 1683 1171 1726; x_wconf 91' lang='lat' dir='ltr'><strong>non</strong></span> <span class='ocrx_word' id='word_1_115' title='bbox 1197 1669 1233 1728; x_wconf 88' lang='lat' dir='ltr'><strong>ut</strong></span> 
     </span>
     <span class='ocr_line' id='line_1_15' title="bbox 119 1758 1231 1846; baseline 0.004 -24"><span class='ocrx_word' id='word_1_116' title='bbox 119 1760 255 1825; x_wconf 91' lang='lat' dir='ltr'><strong>multum</strong></span> <span class='ocrx_word' id='word_1_117' title='bbox 281 1758 322 1823; x_wconf 88' lang='lat' dir='ltr'><strong>ab</strong></span> <span class='ocrx_word' id='word_1_118' title='bbox 350 1760 429 1825; x_wconf 92' lang='lat' dir='ltr'><strong>oleis</strong></span> <span class='ocrx_word' id='word_1_119' title='bbox 458 1759 579 1826; x_wconf 87' lang='lat' dir='ltr'><strong>distant</strong></span> <span class='ocrx_word' id='word_1_120' title='bbox 605 1760 735 1846; x_wconf 76' lang='lat' dir='ltr'><strong>milaces</strong></span> <span class='ocrx_word' id='word_1_121' title='bbox 762 1782 782 1825; x_wconf 92' lang='lat' dir='ltr'><strong>a</strong></span> <span class='ocrx_word' id='word_1_122' title='bbox 809 1759 1002 1844; x_wconf 90' lang='lat' dir='ltr'><strong>quibusdam</strong></span> <span class='ocrx_word' id='word_1_123' title='bbox 1024 1759 1160 1827; x_wconf 85' lang='lat' dir='ltr'><strong>Graecis</strong></span> <span class='ocrx_word' id='word_1_124' title='bbox 1181 1761 1231 1827; x_wconf 92' lang='lat' dir='ltr'><strong>di-</strong></span> 
     </span>
     <span class='ocr_line' id='line_1_16' title="bbox 120 1856 1233 1950; baseline 0.002 -26"><span class='ocrx_word' id='word_1_125' title='bbox 120 1869 199 1937; x_wconf 88' lang='lat' dir='ltr'><strong>ctae,</strong></span> <span class='ocrx_word' id='word_1_126' title='bbox 216 1856 266 1950; x_wconf 64' lang='lat' dir='ltr'><strong>&#39;in</strong></span> <span class='ocrx_word' id='word_1_127' title='bbox 297 1860 472 1946; x_wconf 88' lang='lat' dir='ltr'><strong>provinciis</strong></span> <span class='ocrx_word' id='word_1_128' title='bbox 506 1859 678 1943; x_wconf 83' lang='lat' dir='ltr'><strong>aquifoliae</strong></span> <span class='ocrx_word' id='word_1_129' title='bbox 706 1871 791 1926; x_wconf 88' lang='lat' dir='ltr'><strong>sunt.</strong></span> <span class='ocrx_word' id='word_1_130' title='bbox 834 1860 922 1926; x_wconf 91' lang='lat' dir='ltr'><strong>Ilicis</strong></span> <span class='ocrx_word' id='word_1_131' title='bbox 949 1863 1042 1950; x_wconf 89' lang='lat' dir='ltr'><strong>glans</strong></span> <span class='ocrx_word' id='word_1_132' title='bbox 1064 1863 1233 1944; x_wconf 88' lang='lat' dir='ltr'><strong>utriusque</strong></span> 
     </span>
     <span class='ocr_line' id='line_1_17' title="bbox 121 1959 1234 2048; baseline 0.003 -24"><span class='ocrx_word' id='word_1_133' title='bbox 121 1959 247 2025; x_wconf 88' lang='lat' dir='ltr'><strong>brevior</strong></span> <span class='ocrx_word' id='word_1_134' title='bbox 273 1971 306 2027; x_wconf 88' lang='lat' dir='ltr'><strong>et</strong></span> <span class='ocrx_word' id='word_1_135' title='bbox 332 1960 490 2047; x_wconf 88' lang='lat' dir='ltr'><strong>gracilior,</strong></span> <span class='ocrx_word' id='word_1_136' title='bbox 519 1982 614 2044; x_wconf 88' lang='lat' dir='ltr'><strong>quam</strong></span> <span class='ocrx_word' id='word_1_137' title='bbox 641 1959 803 2026; x_wconf 90' lang='lat' dir='ltr'><strong>Homerus</strong></span> <span class='ocrx_word' id='word_1_138' title='bbox 832 1963 946 2046; x_wconf 87' lang='lat' dir='ltr'><strong>acylon</strong></span> <span class='ocrx_word' id='word_1_139' title='bbox 972 1964 1112 2048; x_wconf 91' lang='lat' dir='ltr'><strong>appellat</strong></span> <span class='ocrx_word' id='word_1_140' title='bbox 1132 1984 1234 2046; x_wconf 90' lang='lat' dir='ltr'><strong>eoque</strong></span> 
     </span>
     <span class='ocr_line' id='line_1_18' title="bbox 121 2060 1232 2150; baseline -0.001 -25"><span class='ocrx_word' id='word_1_141' title='bbox 121 2061 247 2127; x_wconf 90' lang='lat' dir='ltr'><strong>nomine</strong></span> <span class='ocrx_word' id='word_1_142' title='bbox 278 2083 298 2124; x_wconf 90' lang='lat' dir='ltr'><strong>a</strong></span> <span class='ocrx_word' id='word_1_143' title='bbox 329 2060 446 2148; x_wconf 86' lang='lat' dir='ltr'><strong>glande</strong></span> <span class='ocrx_word' id='word_1_144' title='bbox 473 2061 660 2147; x_wconf 86' lang='lat' dir='ltr'><strong>distinguit3</strong></span> <span class='ocrx_word' id='word_1_145' title='bbox 694 2062 850 2127; x_wconf 89' lang='lat' dir='ltr'><strong>masculas</strong></span> <span class='ocrx_word' id='word_1_146' title='bbox 875 2063 965 2128; x_wconf 86' lang='lat' dir='ltr'><strong>ilices</strong></span> <span class='ocrx_word' id='word_1_147' title='bbox 992 2073 1112 2150; x_wconf 83' lang='lat' dir='ltr'><strong>negant</strong></span> <span class='ocrx_word' id='word_1_148' title='bbox 1139 2063 1232 2127; x_wconf 90' lang='lat' dir='ltr'><strong>ferre.</strong></span> 
     </span>
    </p>

    <p class='ocr_par' dir='ltr' id='par_1_4' title="bbox 58 2159 1274 2956">
     <span class='ocr_line' id='line_1_19' title="bbox 123 2159 1274 2248; baseline -0.002 -22"><span class='ocrx_word' id='word_1_149' title='bbox 123 2160 226 2227; x_wconf 87' lang='lat' dir='ltr'><strong>Glans</strong></span> <span class='ocrx_word' id='word_1_150' title='bbox 255 2171 387 2247; x_wconf 88' lang='lat' dir='ltr'><strong>optuma</strong></span> <span class='ocrx_word' id='word_1_151' title='bbox 414 2159 448 2224; x_wconf 92' lang='lat' dir='ltr'><strong>in</strong></span> <span class='ocrx_word' id='word_1_152' title='bbox 476 2182 597 2244; x_wconf 88' lang='lat' dir='ltr'><strong>quercu</strong></span> <span class='ocrx_word' id='word_1_153' title='bbox 625 2170 722 2244; x_wconf 91' lang='lat' dir='ltr'><strong>atque</strong></span> <span class='ocrx_word' id='word_1_154' title='bbox 743 2162 966 2248; x_wconf 86' lang='lat' dir='ltr'><strong>grandissima,</strong></span> <span class='ocrx_word' id='word_1_155' title='bbox 988 2186 1064 2228; x_wconf 88' lang='lat' dir='ltr'><strong>mox</strong></span> <span class='ocrx_word' id='word_1_156' title='bbox 1085 2163 1232 2239; x_wconf 88' lang='lat' dir='ltr'><strong>aesoulo;</strong></span> <span class='ocrx_word' id='word_1_157' title='bbox 1246 2181 1274 2225; x_wconf 85' lang='lat' dir='ltr'><strong>at</strong></span> 
     </span>
     <span class='ocr_line' id='line_1_20' title="bbox 58 2249 1234 2349; baseline 0.001 -23"><span class='ocrx_word' id='word_1_158' title='bbox 58 2249 60 2255; x_wconf 10' lang='grc' dir='ltr'>ἲ</span> <span class='ocrx_word' id='word_1_159' title='bbox 120 2284 195 2326; x_wconf 88' lang='lat' dir='ltr'><strong>nam</strong></span> <span class='ocrx_word' id='word_1_160' title='bbox 216 2260 338 2326; x_wconf 88' lang='lat' dir='ltr'><strong>roboris</strong></span> <span class='ocrx_word' id='word_1_161' title='bbox 359 2282 470 2346; x_wconf 86' lang='lat' dir='ltr'><strong>parva,</strong></span> <span class='ocrx_word' id='word_1_162' title='bbox 494 2283 583 2327; x_wconf 85' lang='lat' dir='ltr'><strong>cerro</strong></span> <span class='ocrx_word' id='word_1_163' title='bbox 598 2261 707 2341; x_wconf 89' lang='lat' dir='ltr'><strong>tristis,</strong></span> <span class='ocrx_word' id='word_1_164' title='bbox 728 2261 868 2340; x_wconf 89' lang='lat' dir='ltr'><strong>horrida,</strong></span> <span class='ocrx_word' id='word_1_165' title='bbox 890 2263 1036 2329; x_wconf 89' lang='lat' dir='ltr'><strong>echinato</strong></span> <span class='ocrx_word' id='word_1_166' title='bbox 1051 2264 1159 2349; x_wconf 86' lang='lat' dir='ltr'><strong>calyce</strong></span> <span class='ocrx_word' id='word_1_167' title='bbox 1174 2286 1234 2328; x_wconf 88' lang='lat' dir='ltr'><strong>ceu</strong></span> 
     </span>
     <span class='ocr_line' id='line_1_21' title="bbox 121 2360 1234 2448; baseline 0.002 -22"><span class='ocrx_word' id='word_1_168' title='bbox 121 2372 287 2426; x_wconf 87' lang='lat' dir='ltr'><strong>castaneae</strong></span> <span class='ocrx_word' id='word_1_169' title='bbox 296 2386 305 2437; x_wconf 93' lang='lat'>;</span> <span class='ocrx_word' id='word_1_170' title='bbox 329 2360 387 2430; x_wconf 88' lang='lat' dir='ltr'><strong>sed</strong></span> <span class='ocrx_word' id='word_1_171' title='bbox 400 2372 440 2427; x_wconf 48' lang='lat' dir='ltr'><strong>,et</strong></span> <span class='ocrx_word' id='word_1_172' title='bbox 461 2361 495 2428; x_wconf 89' lang='lat' dir='ltr'><strong>in</strong></span> <span class='ocrx_word' id='word_1_173' title='bbox 517 2384 650 2446; x_wconf 87' lang='lat' dir='ltr'><strong>querna,</strong></span> <span class='ocrx_word' id='word_1_174' title='bbox 673 2363 736 2428; x_wconf 86' lang='lat' dir='ltr'><strong>alia</strong></span> <span class='ocrx_word' id='word_1_175' title='bbox 749 2363 873 2431; x_wconf 88' lang='lat' dir='ltr'><strong>dulcior</strong></span> <span class='ocrx_word' id='word_1_176' title='bbox 887 2363 1072 2448; x_wconf 75' lang='lat' dir='ltr'><strong>molliorque</strong></span> <span class='ocrx_word' id='word_1_177' title='bbox 1086 2365 1234 2438; x_wconf 87' lang='lat' dir='ltr'><strong>feminae,</strong></span> 
     </span>
     <span class='ocr_line' id='line_1_22' title="bbox 121 2461 1234 2557; baseline 0 -31"><span class='ocrx_word' id='word_1_178' title='bbox 121 2463 199 2526; x_wconf 90' lang='lat' dir='ltr'><strong>mari</strong></span> <span class='ocrx_word' id='word_1_179' title='bbox 222 2461 371 2547; x_wconf 83' lang='lat' dir='ltr'><strong>spissior3</strong></span> <span class='ocrx_word' id='word_1_180' title='bbox 400 2484 549 2530; x_wconf 86' lang='lat' dir='ltr'><strong>maxume</strong></span> <span class='ocrx_word' id='word_1_181' title='bbox 575 2474 682 2529; x_wconf 88' lang='lat' dir='ltr'><strong>autem</strong></span> <span class='ocrx_word' id='word_1_182' title='bbox 701 2463 880 2550; x_wconf 87' lang='lat' dir='ltr'><strong>probantur</strong></span> <span class='ocrx_word' id='word_1_183' title='bbox 904 2465 1053 2530; x_wconf 86' lang='lat' dir='ltr'><strong>latifoliae</strong></span> <span class='ocrx_word' id='word_1_184' title='bbox 1074 2486 1115 2529; x_wconf 86' lang='lat' dir='ltr'><strong>ex</strong></span> <span class='ocrx_word' id='word_1_185' title='bbox 1135 2486 1234 2557; x_wconf 87' lang='lat' dir='ltr'><strong>argu-</strong></span> 
     </span>
     <span class='ocr_line' id='line_1_23' title="bbox 120 2560 1233 2652; baseline 0.003 -26"><span class='ocrx_word' id='word_1_186' title='bbox 120 2573 228 2628; x_wconf 89' lang='lat' dir='ltr'><strong>mento</strong></span> <span class='ocrx_word' id='word_1_187' title='bbox 250 2563 364 2628; x_wconf 88' lang='lat' dir='ltr'><strong>diotae.</strong></span> <span class='ocrx_word' id='word_1_188' title='bbox 387 2560 520 2629; x_wconf 89' lang='lat' dir='ltr'><strong>Distant</strong></span> <span class='ocrx_word' id='word_1_189' title='bbox 533 2564 616 2629; x_wconf 88' lang='lat' dir='ltr'><strong>inter</strong></span> <span class='ocrx_word' id='word_1_190' title='bbox 631 2585 665 2642; x_wconf 81' lang='lat' dir='ltr'><strong>se</strong></span> <span class='ocrx_word' id='word_1_191' title='bbox 679 2565 902 2652; x_wconf 87' lang='lat' dir='ltr'><strong>magnitudine</strong></span> <span class='ocrx_word' id='word_1_192' title='bbox 923 2575 956 2630; x_wconf 90' lang='lat' dir='ltr'><strong>et</strong></span> <span class='ocrx_word' id='word_1_193' title='bbox 969 2564 1051 2630; x_wconf 87' lang='lat' dir='ltr'><strong>cutis</strong></span> <span class='ocrx_word' id='word_1_194' title='bbox 1066 2563 1233 2642; x_wconf 87' lang='lat' dir='ltr'><strong>tenuitate,</strong></span> 
     </span>
     <span class='ocr_line' id='line_1_24' title="bbox 120 2662 1242 2754; baseline -0.001 -26"><span class='ocrx_word' id='word_1_195' title='bbox 120 2665 198 2728; x_wconf 87' lang='lat' dir='ltr'><strong>item</strong></span> <span class='ocrx_word' id='word_1_196' title='bbox 218 2663 305 2747; x_wconf 90' lang='lat' dir='ltr'><strong>quod</strong></span> <span class='ocrx_word' id='word_1_197' title='bbox 327 2662 398 2729; x_wconf 93' lang='lat' dir='ltr'><strong>aliis</strong></span> <span class='ocrx_word' id='word_1_198' title='bbox 421 2664 532 2730; x_wconf 90' lang='lat' dir='ltr'><strong>subest</strong></span> <span class='ocrx_word' id='word_1_199' title='bbox 553 2664 661 2731; x_wconf 87' lang='lat' dir='ltr'><strong>tunica</strong></span> <span class='ocrx_word' id='word_1_200' title='bbox 681 2664 827 2754; x_wconf 89' lang='lat' dir='ltr'><strong>robigine</strong></span> <span class='ocrx_word' id='word_1_201' title='bbox 849 2665 974 2744; x_wconf 86' lang='lat' dir='ltr'><strong>scabra,</strong></span> <span class='ocrx_word' id='word_1_202' title='bbox 996 2665 1067 2731; x_wconf 90' lang='lat' dir='ltr'><strong>aliis</strong></span> <span class='ocrx_word' id='word_1_203' title='bbox 1088 2665 1242 2751; x_wconf 39' lang='lat' dir='ltr'><strong>protinus·</strong></span> 
     </span>
     <span class='ocr_line' id='line_1_25' title="bbox 122 2764 1274 2850; baseline 0 -20"><span class='ocrx_word' id='word_1_204' title='bbox 122 2764 292 2830; x_wconf 88' lang='lat' dir='ltr'><strong>candidum</strong></span> <span class='ocrx_word' id='word_1_205' title='bbox 314 2786 440 2850; x_wconf 88' lang='lat' dir='ltr'><strong>corpus.</strong></span> <span class='ocrx_word' id='word_1_206' title='bbox 476 2764 638 2830; x_wconf 89' lang='lat' dir='ltr'><strong>Probatur</strong></span> <span class='ocrx_word' id='word_1_207' title='bbox 659 2777 691 2830; x_wconf 93' lang='lat' dir='ltr'><strong>et</strong></span> <span class='ocrx_word' id='word_1_208' title='bbox 712 2788 750 2830; x_wconf 89' lang='lat' dir='ltr'><strong>ea</strong></span> <span class='ocrx_word' id='word_1_209' title='bbox 773 2767 864 2832; x_wconf 91' lang='lat' dir='ltr'><strong>cuius</strong></span> <span class='ocrx_word' id='word_1_210' title='bbox 884 2766 918 2830; x_wconf 91' lang='lat' dir='ltr'><strong>in</strong></span> <span class='ocrx_word' id='word_1_211' title='bbox 939 2765 1054 2830; x_wconf 88' lang='lat' dir='ltr'><strong>balano</strong></span> <span class='ocrx_word' id='word_1_212' title='bbox 1074 2765 1235 2846; x_wconf 86' lang='lat' dir='ltr'><strong>utrimque</strong></span> <span class='ocrx_word' id='word_1_213' title='bbox 1249 2774 1274 2821; x_wconf 79' lang='lat'><strong>21</strong></span> 
     </span>
     <span class='ocr_line' id='line_1_26' title="bbox 122 2864 1235 2956; baseline -0.004 -27"><span class='ocrx_word' id='word_1_214' title='bbox 122 2887 162 2934; x_wconf 79' lang='lat' dir='ltr'><strong>ex</strong></span> <span class='ocrx_word' id='word_1_215' title='bbox 182 2865 385 2956; x_wconf 88' lang='lat' dir='ltr'><strong>longitudine</strong></span> <span class='ocrx_word' id='word_1_216' title='bbox 409 2875 551 2934; x_wconf 80' lang='lat' dir='ltr'><strong>extrema</strong></span> <span class='ocrx_word' id='word_1_217' title='bbox 564 2866 733 2955; x_wconf 88' lang='lat' dir='ltr'><strong>lapidescit</strong></span> <span class='ocrx_word' id='word_1_218' title='bbox 747 2866 875 2943; x_wconf 89' lang='lat' dir='ltr'><strong>duritia,</strong></span> <span class='ocrx_word' id='word_1_219' title='bbox 897 2864 1010 2929; x_wconf 89' lang='lat' dir='ltr'><strong>melior</strong></span> <span class='ocrx_word' id='word_1_220' title='bbox 1031 2864 1084 2928; x_wconf 92' lang='lat' dir='ltr'><strong>cui</strong></span> <span class='ocrx_word' id='word_1_221' title='bbox 1105 2864 1138 2926; x_wconf 92' lang='lat' dir='ltr'><strong>in</strong></span> <span class='ocrx_word' id='word_1_222' title='bbox 1160 2885 1235 2926; x_wconf 85' lang='lat' dir='ltr'><strong>cor·</strong></span> 
     </span>
    </p>
   </div>
   <div class='ocr_carea' id='block_1_3' title="bbox 121 3095 1238 3419">
    <p class='ocr_par' dir='ltr' id='par_1_5' title="bbox 121 3095 1238 3419">
     <span class='ocr_line' id='line_1_27' title="bbox 156 3095 1237 3164; baseline -0.004 -14"><span class='ocrx_word' id='word_1_223' title='bbox 156 3102 171 3163; x_wconf 64' lang='grc' dir='ltr'><strong>ξ</strong></span> <span class='ocrx_word' id='word_1_224' title='bbox 185 3106 224 3150; x_wconf 86' lang='grc'><strong>18.</strong></span> <span class='ocrx_word' id='word_1_225' title='bbox 242 3109 336 3164; x_wconf 81' lang='lat' dir='ltr'><strong>atquae</strong></span> <span class='ocrx_word' id='word_1_226' title='bbox 348 3100 475 3164; x_wconf 77' lang='lat' dir='ltr'><strong>levissimis,</strong></span> <span class='ocrx_word' id='word_1_227' title='bbox 491 3095 589 3152; x_wconf 70' lang='lat' dir='ltr'><strong>Oret.</strong></span> <span class='ocrx_word' id='word_1_228' title='bbox 607 3118 637 3151; x_wconf 83' lang='lat' dir='ltr'><strong>oo</strong></span> <span class='ocrx_word' id='word_1_229' title='bbox 649 3101 793 3162; x_wconf 63' lang='lat' dir='ltr'><strong>laeetana,</strong></span> <span class='ocrx_word' id='word_1_230' title='bbox 804 3097 833 3163; x_wconf 80' lang='grc' dir='ltr'><strong>β.</strong></span> <span class='ocrx_word' id='word_1_231' title='bbox 851 3141 883 3150; x_wconf 89' lang='grc'><strong>-</strong></span> <span class='ocrx_word' id='word_1_232' title='bbox 901 3100 1003 3164; x_wconf 71' lang='lat' dir='ltr'><strong>Faqam,</strong></span> <span class='ocrx_word' id='word_1_233' title='bbox 1015 3100 1059 3148; x_wconf 86' lang='lat' dir='ltr'><strong>ad.</strong></span> <span class='ocrx_word' id='word_1_234' title='bbox 1083 3097 1149 3163; x_wconf 71' lang='lat' dir='ltr'><strong>Fata·</strong></span> <span class='ocrx_word' id='word_1_235' title='bbox 1157 3097 1237 3162; x_wconf 72' lang='lat' dir='ltr'><strong>plana,</strong></span> 
     </span>
     <span class='ocr_line' id='line_1_28' title="bbox 121 3162 1238 3234; baseline -0.001 -19"><span class='ocrx_word' id='word_1_236' title='bbox 121 3162 172 3232; x_wconf 74' lang='grc' dir='ltr'><strong>βγ.</strong></span> <span class='ocrx_word' id='word_1_237' title='bbox 192 3208 223 3216; x_wconf 92' lang='lat'><strong>..</strong></span> <span class='ocrx_word' id='word_1_238' title='bbox 240 3167 409 3231; x_wconf 76' lang='lat' dir='ltr'><strong>qratiasimam.</strong></span> <span class='ocrx_word' id='word_1_239' title='bbox 421 3168 477 3230; x_wconf 80' lang='lat' dir='ltr'><strong>Est,</strong></span> <span class='ocrx_word' id='word_1_240' title='bbox 488 3185 511 3218; x_wconf 89' lang='lat' dir='ltr'><strong>a.</strong></span> <span class='ocrx_word' id='word_1_241' title='bbox 528 3169 688 3234; x_wconf 72' lang='lat' dir='ltr'><strong>yrattasirnaat</strong></span> <span class='ocrx_word' id='word_1_242' title='bbox 700 3185 756 3231; x_wconf 82' lang='lat' dir='ltr'><strong>esse,</strong></span> <span class='ocrx_word' id='word_1_243' title='bbox 769 3172 793 3220; x_wconf 87' lang='lat' dir='ltr'><strong>d.</strong></span> <span class='ocrx_word' id='word_1_244' title='bbox 810 3171 852 3222; x_wconf 80' lang='lat' dir='ltr'><strong>Ex</strong></span> <span class='ocrx_word' id='word_1_245' title='bbox 862 3169 903 3220; x_wconf 86' lang='lat' dir='ltr'><strong>his</strong></span> <span class='ocrx_word' id='word_1_246' title='bbox 912 3167 1065 3218; x_wconf 86' lang='lat' dir='ltr'><strong>lectionibus</strong></span> <span class='ocrx_word' id='word_1_247' title='bbox 1073 3167 1138 3228; x_wconf 73' lang='lat' dir='ltr'><strong>inter</strong></span> <span class='ocrx_word' id='word_1_248' title='bbox 1147 3181 1174 3216; x_wconf 89' lang='lat' dir='ltr'><strong>se</strong></span> <span class='ocrx_word' id='word_1_249' title='bbox 1185 3167 1238 3214; x_wconf 92' lang='lat' dir='ltr'><strong>col·</strong></span> 
     </span>
     <span class='ocr_line' id='line_1_29' title="bbox 122 3231 1237 3302; baseline -0.001 -19"><span class='ocrx_word' id='word_1_250' title='bbox 122 3235 180 3289; x_wconf 87' lang='lat' dir='ltr'><strong>latis</strong></span> <span class='ocrx_word' id='word_1_251' title='bbox 192 3235 291 3299; x_wconf 86' lang='lat' dir='ltr'><strong>reposui</strong></span> <span class='ocrx_word' id='word_1_252' title='bbox 303 3250 387 3284; x_wconf 87' lang='lat' dir='ltr'><strong>veram</strong></span> <span class='ocrx_word' id='word_1_253' title='bbox 400 3238 556 3301; x_wconf 87' lang='lat' dir='ltr'><strong>scripturam.</strong></span> <span class='ocrx_word' id='word_1_254' title='bbox 581 3237 720 3302; x_wconf 74' lang='lat' dir='ltr'><strong>qratia-sima</strong></span> <span class='ocrx_word' id='word_1_255' title='bbox 736 3244 777 3299; x_wconf 81' lang='lat' dir='ltr'><strong>eat,</strong></span> <span class='ocrx_word' id='word_1_256' title='bbox 793 3231 844 3301; x_wconf 76' lang='grc' dir='ltr'><strong>βγ.</strong></span> <span class='ocrx_word' id='word_1_257' title='bbox 872 3276 903 3286; x_wconf 91' lang='grc'><strong>..</strong></span> <span class='ocrx_word' id='word_1_258' title='bbox 929 3233 1085 3298; x_wconf 62' lang='grc' dir='ltr'><strong>προάἰῑ,·ει·.</strong></span> <span class='ocrx_word' id='word_1_259' title='bbox 1112 3232 1237 3296; x_wconf 74' lang='lat' dir='ltr'><strong>expetitur,</strong></span> 
     </span>
     <span class='ocr_line' id='line_1_30' title="bbox 123 3297 1236 3368; baseline 0.001 -18"><span class='ocrx_word' id='word_1_260' title='bbox 123 3297 196 3367; x_wconf 69' lang='lat' dir='ltr'><strong>dssy.</strong></span> <span class='ocrx_word' id='word_1_261' title='bbox 220 3342 246 3350; x_wconf 84' lang='lat'><em>-</em></span> <span class='ocrx_word' id='word_1_262' title='bbox 275 3300 386 3364; x_wconf 78' lang='lat' dir='ltr'><strong>alternat,</strong></span> <span class='ocrx_word' id='word_1_263' title='bbox 399 3305 423 3353; x_wconf 86' lang='lat' dir='ltr'><strong>d.</strong></span> <span class='ocrx_word' id='word_1_264' title='bbox 448 3302 568 3365; x_wconf 81' lang='lat' dir='ltr'><strong>alternat,</strong></span> <span class='ocrx_word' id='word_1_265' title='bbox 580 3320 604 3366; x_wconf 87' lang='lat' dir='ltr'><strong>a,</strong></span> <span class='ocrx_word' id='word_1_266' title='bbox 624 3313 713 3368; x_wconf 89' lang='lat' dir='ltr'><strong>postea</strong></span> <span class='ocrx_word' id='word_1_267' title='bbox 728 3320 744 3354; x_wconf 89' lang='lat' dir='ltr'><strong>a</strong></span> <span class='ocrx_word' id='word_1_268' title='bbox 760 3303 992 3356; x_wconf 73' lang='lat' dir='ltr'><strong>manutenendam</strong></span> <span class='ocrx_word' id='word_1_269' title='bbox 1007 3303 1034 3351; x_wconf 91' lang='lat' dir='ltr'><strong>in</strong></span> <span class='ocrx_word' id='word_1_270' title='bbox 1050 3303 1132 3365; x_wconf 84' lang='lat' dir='ltr'><strong>spatio</strong></span> <span class='ocrx_word' id='word_1_271' title='bbox 1153 3314 1236 3351; x_wconf 86' lang='lat' dir='ltr'><strong>vacuo</strong></span> 
     </span>
     <span class='ocr_line' id='line_1_31' title="bbox 123 3370 342 3419; baseline 0.005 -1"><span class='ocrx_word' id='word_1_272' title='bbox 123 3370 206 3419; x_wconf 87' lang='lat' dir='ltr'><strong>littera</strong></span> <span class='ocrx_word' id='word_1_273' title='bbox 217 3385 230 3416; x_wconf 83' lang='lat' dir='ltr'><strong>a</strong></span> <span class='ocrx_word' id='word_1_274' title='bbox 241 3370 342 3419; x_wconf 82' lang='lat' dir='ltr'><strong>inserta.</strong></span> 
     </span>
    </p>
   </div>
   <div class='ocr_carea' id='block_1_4' title="bbox 122 3467 1240 4071">
    <p class='ocr_par' dir='ltr' id='par_1_6' title="bbox 122 3467 1240 4071">
     <span class='ocr_line' id='line_1_32' title="bbox 157 3467 1239 3534; baseline 0 -18"><span class='ocrx_word' id='word_1_275' title='bbox 157 3471 224 3532; x_wconf 71' lang='grc'><strong>519.</strong></span> <span class='ocrx_word' id='word_1_276' title='bbox 242 3468 420 3529; x_wconf 66' lang='lat' dir='ltr'><strong>mndncatad.</strong></span> <span class='ocrx_word' id='word_1_277' title='bbox 447 3467 640 3532; x_wconf 62' lang='lat' dir='ltr'><strong>coctinentamf.</strong></span> <span class='ocrx_word' id='word_1_278' title='bbox 666 3469 802 3530; x_wconf 80' lang='lat' dir='ltr'><strong>continetur,</strong></span> <span class='ocrx_word' id='word_1_279' title='bbox 813 3485 838 3534; x_wconf 73' lang='grc' dir='ltr'><strong>γ.</strong></span> <span class='ocrx_word' id='word_1_280' title='bbox 861 3510 897 3520; x_wconf 77' lang='grc'><strong>-.</strong></span> <span class='ocrx_word' id='word_1_281' title='bbox 917 3470 1135 3530; x_wconf 72' lang='lat' dir='ltr'><strong>minasve,D&#39;³Td.</strong></span> <span class='ocrx_word' id='word_1_282' title='bbox 1161 3467 1239 3516; x_wconf 75' lang='lat' dir='ltr'><strong>minas</strong></span> 
     </span>
     <span class='ocr_line' id='line_1_33' title="bbox 122 3532 1238 3600; baseline 0 -16"><span class='ocrx_word' id='word_1_283' title='bbox 122 3536 220 3594; x_wconf 83' lang='lat' dir='ltr'><strong>ite,D¹.</strong></span> <span class='ocrx_word' id='word_1_284' title='bbox 243 3535 424 3598; x_wconf 65' lang='lat' dir='ltr'><strong>minoritam</strong></span> <span class='ocrx_word' id='word_1_285' title='bbox 446 3537 522 3586; x_wconf 75' lang='lat' dir='ltr'><strong>minas</strong></span> <span class='ocrx_word' id='word_1_286' title='bbox 534 3546 617 3597; x_wconf 80' lang='lat' dir='ltr'><strong>cutem,</strong></span> <span class='ocrx_word' id='word_1_287' title='bbox 627 3540 699 3588; x_wconf 87' lang='lat' dir='ltr'><strong>codd.</strong></span> <span class='ocrx_word' id='word_1_288' title='bbox 712 3537 768 3588; x_wconf 91' lang='lat' dir='ltr'><strong>Gel.</strong></span> <span class='ocrx_word' id='word_1_289' title='bbox 779 3532 831 3600; x_wconf 73' lang='lat' dir='ltr'><strong>ssr.</strong></span> <span class='ocrx_word' id='word_1_290' title='bbox 851 3577 882 3586; x_wconf 81' lang='lat'><strong>..</strong></span> <span class='ocrx_word' id='word_1_291' title='bbox 898 3535 1110 3600; x_wconf 71' lang='lat' dir='ltr'><strong>prandiaDalec.</strong></span> <span class='ocrx_word' id='word_1_292' title='bbox 1129 3574 1159 3582; x_wconf 85' lang='lat'><em>-</em></span> <span class='ocrx_word' id='word_1_293' title='bbox 1179 3550 1238 3596; x_wconf 84' lang='lat' dir='ltr'><strong>pro·</strong></span> 
     </span>
     <span class='ocr_line' id='line_1_34' title="bbox 123 3598 1238 3668; baseline -0.002 -16"><span class='ocrx_word' id='word_1_294' title='bbox 123 3617 197 3662; x_wconf 80' lang='lat' dir='ltr'><strong>ceras,</strong></span> <span class='ocrx_word' id='word_1_295' title='bbox 209 3602 312 3664; x_wconf 82' lang='lat' dir='ltr'><strong>insucae,</strong></span> <span class='ocrx_word' id='word_1_296' title='bbox 323 3618 347 3653; x_wconf 86' lang='lat' dir='ltr'><strong>a.</strong></span> <span class='ocrx_word' id='word_1_297' title='bbox 360 3645 391 3653; x_wconf 89' lang='lat'><strong>..</strong></span> <span class='ocrx_word' id='word_1_298' title='bbox 410 3621 468 3666; x_wconf 86' lang='lat' dir='ltr'><strong>cam,</strong></span> <span class='ocrx_word' id='word_1_299' title='bbox 484 3598 553 3656; x_wconf 74' lang='lat' dir='ltr'><strong>Oct.</strong></span> <span class='ocrx_word' id='word_1_300' title='bbox 571 3603 634 3666; x_wconf 83' lang='lat' dir='ltr'><strong>dam,</strong></span> <span class='ocrx_word' id='word_1_301' title='bbox 646 3601 675 3666; x_wconf 79' lang='grc' dir='ltr'><strong>β.</strong></span> <span class='ocrx_word' id='word_1_302' title='bbox 689 3645 720 3654; x_wconf 91' lang='lat'><strong>..</strong></span> <span class='ocrx_word' id='word_1_303' title='bbox 733 3603 841 3652; x_wconf 77' lang='lat' dir='ltr'><strong>breccbra</strong></span> <span class='ocrx_word' id='word_1_304' title='bbox 851 3603 890 3653; x_wconf 85' lang='lat' dir='ltr'><strong>vel</strong></span> <span class='ocrx_word' id='word_1_305' title='bbox 900 3603 1014 3668; x_wconf 69' lang='lat' dir='ltr'><strong>longiora,</strong></span> <span class='ocrx_word' id='word_1_306' title='bbox 1026 3620 1049 3653; x_wconf 86' lang='lat' dir='ltr'><strong>a.</strong></span> <span class='ocrx_word' id='word_1_307' title='bbox 1069 3601 1175 3650; x_wconf 81' lang='lat' dir='ltr'><strong>breviora</strong></span> <span class='ocrx_word' id='word_1_308' title='bbox 1187 3599 1238 3650; x_wconf 84' lang='lat' dir='ltr'><strong>loa-</strong></span> 
     </span>
     <span class='ocr_line' id='line_1_35' title="bbox 122 3663 1238 3737; baseline 0.001 -20"><span class='ocrx_word' id='word_1_309' title='bbox 122 3669 226 3737; x_wconf 77' lang='lat' dir='ltr'><strong>qt&#39;orave,</strong></span> <span class='ocrx_word' id='word_1_310' title='bbox 238 3671 270 3720; x_wconf 88' lang='grc' dir='ltr'><strong>Τ.</strong></span> <span class='ocrx_word' id='word_1_311' title='bbox 288 3671 421 3722; x_wconf 80' lang='lat' dir='ltr'><strong>breviarave</strong></span> <span class='ocrx_word' id='word_1_312' title='bbox 433 3671 574 3736; x_wconf 76' lang='lat' dir='ltr'><strong>lonqt&#39;orcve,</strong></span> <span class='ocrx_word' id='word_1_313' title='bbox 587 3674 611 3721; x_wconf 91' lang='lat' dir='ltr'><strong>d.</strong></span> <span class='ocrx_word' id='word_1_314' title='bbox 625 3712 656 3723; x_wconf 90' lang='lat'><strong>..</strong></span> <span class='ocrx_word' id='word_1_315' title='bbox 674 3670 719 3730; x_wconf 72' lang='grc' dir='ltr'><strong><em>Ιιίε,</em></strong></span> <span class='ocrx_word' id='word_1_316' title='bbox 731 3688 754 3721; x_wconf 87' lang='lat' dir='ltr'><strong>a.</strong></span> <span class='ocrx_word' id='word_1_317' title='bbox 772 3671 810 3735; x_wconf 72' lang='lat' dir='ltr'><strong>its,</strong></span> <span class='ocrx_word' id='word_1_318' title='bbox 822 3667 893 3735; x_wconf 77' lang='grc' dir='ltr'><strong>ἁβγ.</strong></span> <span class='ocrx_word' id='word_1_319' title='bbox 907 3711 937 3720; x_wconf 90' lang='grc'><strong>..</strong></span> <span class='ocrx_word' id='word_1_320' title='bbox 955 3687 1001 3718; x_wconf 83' lang='lat' dir='ltr'><strong>non</strong></span> <span class='ocrx_word' id='word_1_321' title='bbox 1012 3677 1045 3731; x_wconf 77' lang='lat' dir='ltr'><strong>ut,</strong></span> <span class='ocrx_word' id='word_1_322' title='bbox 1057 3673 1102 3720; x_wconf 88' lang='lat' dir='ltr'><strong>ad.</strong></span> <span class='ocrx_word' id='word_1_323' title='bbox 1120 3683 1173 3728; x_wconf 83' lang='lat' dir='ltr'><strong>non,</strong></span> <span class='ocrx_word' id='word_1_324' title='bbox 1184 3663 1238 3733; x_wconf 72' lang='grc' dir='ltr'><strong>βγ.</strong></span> 
     </span>
     <span class='ocr_line' id='line_1_36' title="bbox 123 3733 1240 3804; baseline -0.004 -15"><span class='ocrx_word' id='word_1_325' title='bbox 123 3733 171 3789; x_wconf 84' lang='lat' dir='ltr'><strong>His</strong></span> <span class='ocrx_word' id='word_1_326' title='bbox 187 3737 237 3784; x_wconf 88' lang='lat' dir='ltr'><strong>iam</strong></span> <span class='ocrx_word' id='word_1_327' title='bbox 252 3739 334 3788; x_wconf 86' lang='lat' dir='ltr'><strong>verbis</strong></span> <span class='ocrx_word' id='word_1_328' title='bbox 348 3740 425 3788; x_wconf 80' lang='lat' dir='ltr'><strong>verba</strong></span> <span class='ocrx_word' id='word_1_329' title='bbox 436 3738 461 3786; x_wconf 82' lang='lat' dir='ltr'><strong>ia</strong></span> <span class='ocrx_word' id='word_1_330' title='bbox 470 3740 575 3802; x_wconf 79' lang='lat' dir='ltr'><strong>proviae.</strong></span> <span class='ocrx_word' id='word_1_331' title='bbox 587 3738 664 3804; x_wconf 75' lang='lat' dir='ltr'><strong>aquis.</strong></span> <span class='ocrx_word' id='word_1_332' title='bbox 675 3747 729 3787; x_wconf 82' lang='lat' dir='ltr'><strong>eant</strong></span> <span class='ocrx_word' id='word_1_333' title='bbox 739 3747 768 3791; x_wconf 90' lang='lat' dir='ltr'><strong>ut</strong></span> <span class='ocrx_word' id='word_1_334' title='bbox 783 3739 901 3804; x_wconf 82' lang='lat' dir='ltr'><strong>epodosis</strong></span> <span class='ocrx_word' id='word_1_335' title='bbox 916 3740 1081 3802; x_wconf 61' lang='lat' dir='ltr'><strong>respondeum</strong></span> <span class='ocrx_word' id='word_1_336' title='bbox 1098 3738 1129 3785; x_wconf 89' lang='lat' dir='ltr'><strong>de</strong></span> <span class='ocrx_word' id='word_1_337' title='bbox 1146 3736 1240 3785; x_wconf 87' lang='lat' dir='ltr'><strong>omissa</strong></span> 
     </span>
     <span class='ocr_line' id='line_1_37' title="bbox 123 3801 1238 3869; baseline 0.001 -18"><span class='ocrx_word' id='word_1_338' title='bbox 123 3805 247 3868; x_wconf 84' lang='lat' dir='ltr'><strong>particula</strong></span> <span class='ocrx_word' id='word_1_339' title='bbox 263 3804 299 3852; x_wconf 82' lang='lat' dir='ltr'><strong>ita</strong></span> <span class='ocrx_word' id='word_1_340' title='bbox 314 3821 338 3854; x_wconf 83' lang='lat' dir='ltr'><strong>v.</strong></span> <span class='ocrx_word' id='word_1_341' title='bbox 355 3809 494 3867; x_wconf 81' lang='lat' dir='ltr'><strong>ad33,18.</strong></span> <span class='ocrx_word' id='word_1_342' title='bbox 516 3847 548 3856; x_wconf 86' lang='lat'><strong>..</strong></span> <span class='ocrx_word' id='word_1_343' title='bbox 575 3805 682 3866; x_wconf 78' lang='lat' dir='ltr'><strong>milaces,</strong></span> <span class='ocrx_word' id='word_1_344' title='bbox 698 3810 743 3857; x_wconf 83' lang='lat' dir='ltr'><strong>ad.</strong></span> <span class='ocrx_word' id='word_1_345' title='bbox 773 3805 889 3868; x_wconf 76' lang='lat' dir='ltr'><strong>smilacec,</strong></span> <span class='ocrx_word' id='word_1_346' title='bbox 903 3801 954 3869; x_wconf 73' lang='grc' dir='ltr'><strong>βγ.</strong></span> <span class='ocrx_word' id='word_1_347' title='bbox 981 3806 1015 3855; x_wconf 92' lang='lat' dir='ltr'><strong>V.</strong></span> <span class='ocrx_word' id='word_1_348' title='bbox 1031 3804 1161 3866; x_wconf 83' lang='lat' dir='ltr'><strong>Theophr.</strong></span> <span class='ocrx_word' id='word_1_349' title='bbox 1177 3803 1238 3852; x_wconf 86' lang='lat' dir='ltr'><strong>hist.</strong></span> 
     </span>
     <span class='ocr_line' id='line_1_38' title="bbox 123 3867 1238 3937; baseline 0 -18"><span class='ocrx_word' id='word_1_350' title='bbox 123 3873 203 3935; x_wconf 86' lang='lat' dir='ltr'><strong>plant.</strong></span> <span class='ocrx_word' id='word_1_351' title='bbox 215 3872 264 3920; x_wconf 92' lang='lat' dir='ltr'><strong>III.</strong></span> <span class='ocrx_word' id='word_1_352' title='bbox 279 3879 318 3933; x_wconf 80' lang='lat'><strong>16,</strong></span> <span class='ocrx_word' id='word_1_353' title='bbox 331 3879 354 3923; x_wconf 73' lang='lat'><strong>2.</strong></span> <span class='ocrx_word' id='word_1_354' title='bbox 375 3913 404 3922; x_wconf 82' lang='grc'>-</span> <span class='ocrx_word' id='word_1_355' title='bbox 432 3872 563 3936; x_wconf 69' lang='lat' dir='ltr'><strong>aqcffoliae</strong></span> <span class='ocrx_word' id='word_1_356' title='bbox 573 3883 634 3934; x_wconf 83' lang='lat' dir='ltr'><strong>sant,</strong></span> <span class='ocrx_word' id='word_1_357' title='bbox 654 3867 747 3925; x_wconf 67' lang='grc' dir='ltr'>θΤαᾱ</span> <span class='ocrx_word' id='word_1_358' title='bbox 762 3872 848 3936; x_wconf 85' lang='lat' dir='ltr'><strong>(codd.</strong></span> <span class='ocrx_word' id='word_1_359' title='bbox 865 3889 906 3937; x_wconf 88' lang='lat' dir='ltr'><strong>ap.</strong></span> <span class='ocrx_word' id='word_1_360' title='bbox 918 3873 1025 3924; x_wconf 84' lang='lat' dir='ltr'><strong>Salmas.</strong></span> <span class='ocrx_word' id='word_1_361' title='bbox 1043 3887 1124 3922; x_wconf 83' lang='lat' dir='ltr'><strong>exerc.</strong></span> <span class='ocrx_word' id='word_1_362' title='bbox 1141 3885 1165 3933; x_wconf 87' lang='lat' dir='ltr'><strong>p.</strong></span> <span class='ocrx_word' id='word_1_363' title='bbox 1181 3874 1238 3920; x_wconf 79' lang='lat'><strong>192.</strong></span> 
     </span>
     <span class='ocr_line' id='line_1_39' title="bbox 124 3935 1239 4008; baseline -0.003 -18"><span class='ocrx_word' id='word_1_364' title='bbox 124 3956 146 3990; x_wconf 85' lang='lat' dir='ltr'><strong>a.</strong></span> <span class='ocrx_word' id='word_1_365' title='bbox 161 3939 200 3999; x_wconf 73' lang='lat' dir='ltr'><strong>G,</strong></span> <span class='ocrx_word' id='word_1_366' title='bbox 212 3941 256 4002; x_wconf 89' lang='lat' dir='ltr'><strong>qui</strong></span> <span class='ocrx_word' id='word_1_367' title='bbox 266 3941 393 3990; x_wconf 89' lang='lat' dir='ltr'><strong>nonnulla</strong></span> <span class='ocrx_word' id='word_1_368' title='bbox 403 3939 505 4002; x_wconf 87' lang='lat' dir='ltr'><strong>mutat).</strong></span> <span class='ocrx_word' id='word_1_369' title='bbox 532 3941 737 4008; x_wconf 63' lang='lat' dir='ltr'><strong>mataqaffoliaa</strong></span> <span class='ocrx_word' id='word_1_370' title='bbox 748 3955 773 4005; x_wconf 80' lang='grc' dir='ltr'><strong>γ.</strong></span> <span class='ocrx_word' id='word_1_371' title='bbox 801 3938 940 4004; x_wconf 77' lang='lat' dir='ltr'><strong>aquifoliae,</strong></span> <span class='ocrx_word' id='word_1_372' title='bbox 950 3935 980 4001; x_wconf 80' lang='grc' dir='ltr'><strong>β.</strong></span> <span class='ocrx_word' id='word_1_373' title='bbox 1003 3980 1034 3988; x_wconf 87' lang='lat'><strong>..</strong></span> <span class='ocrx_word' id='word_1_374' title='bbox 1064 3939 1196 3997; x_wconf 69' lang='lat' dir='ltr'><strong>brevimt,</strong></span> <span class='ocrx_word' id='word_1_375' title='bbox 1214 3939 1239 3987; x_wconf 87' lang='lat' dir='ltr'><strong>d.</strong></span> 
     </span>
     <span class='ocr_line' id='line_1_40' title="bbox 124 4004 1217 4071; baseline 0.011 -19"><span class='ocrx_word' id='word_1_376' title='bbox 124 4005 236 4068; x_wconf 79' lang='lat' dir='ltr'><strong>breviare,</strong></span> <span class='ocrx_word' id='word_1_377' title='bbox 248 4023 272 4068; x_wconf 88' lang='lat' dir='ltr'><strong>a,</strong></span> <span class='ocrx_word' id='word_1_378' title='bbox 290 4008 380 4058; x_wconf 86' lang='lat' dir='ltr'><strong>ultima</strong></span> <span class='ocrx_word' id='word_1_379' title='bbox 390 4008 587 4060; x_wconf 82' lang='lat' dir='ltr'><strong>litteraeerasa.</strong></span> <span class='ocrx_word' id='word_1_380' title='bbox 606 4049 638 4058; x_wconf 80' lang='grc'><strong>..</strong></span> <span class='ocrx_word' id='word_1_381' title='bbox 659 4009 778 4058; x_wconf 74' lang='lat' dir='ltr'><strong>Romana</strong></span> <span class='ocrx_word' id='word_1_382' title='bbox 790 4009 879 4071; x_wconf 86' lang='lat' dir='ltr'><strong>Odyss.</strong></span> <span class='ocrx_word' id='word_1_383' title='bbox 891 4021 917 4068; x_wconf 80' lang='grc' dir='ltr'><strong>κ,</strong></span> <span class='ocrx_word' id='word_1_384' title='bbox 931 4012 989 4055; x_wconf 76' lang='lat'><strong>242.</strong></span> <span class='ocrx_word' id='word_1_385' title='bbox 1014 4047 1044 4055; x_wconf 91' lang='grc'><strong>-.</strong></span> <span class='ocrx_word' id='word_1_386' title='bbox 1069 4004 1160 4063; x_wconf 62' lang='lat' dir='ltr'><strong>actim,</strong></span> <span class='ocrx_word' id='word_1_387' title='bbox 1172 4006 1217 4053; x_wconf 60' lang='lat' dir='ltr'><strong>td·</strong></span> 
     </span>
    </p>
   </div>
   <div class='ocr_carea' id='block_1_5' title="bbox 124 4103 1240 4304">
    <p class='ocr_par' dir='ltr' id='par_1_7' title="bbox 124 4103 1240 4304">
     <span class='ocr_line' id='line_1_41' title="bbox 135 4103 1240 4172; baseline -0.007 -12"><span class='ocrx_word' id='word_1_388' title='bbox 135 4157 136 4160; x_wconf 75' lang='grc'>,</span> <span class='ocrx_word' id='word_1_389' title='bbox 158 4109 225 4170; x_wconf 61' lang='grc' dir='ltr'><strong>ΗΟ.</strong></span> <span class='ocrx_word' id='word_1_390' title='bbox 247 4106 349 4158; x_wconf 75' lang='lat' dir='ltr'><strong>Glauco</strong></span> <span class='ocrx_word' id='word_1_391' title='bbox 367 4108 432 4169; x_wconf 74' lang='lat' dir='ltr'><strong>timo,</strong></span> <span class='ocrx_word' id='word_1_392' title='bbox 444 4108 574 4172; x_wconf 86' lang='lat' dir='ltr'><strong>Theophr.</strong></span> <span class='ocrx_word' id='word_1_393' title='bbox 587 4109 646 4159; x_wconf 86' lang='lat' dir='ltr'><strong>bist.</strong></span> <span class='ocrx_word' id='word_1_394' title='bbox 659 4111 738 4172; x_wconf 83' lang='lat' dir='ltr'><strong>plant.</strong></span> <span class='ocrx_word' id='word_1_395' title='bbox 751 4109 873 4167; x_wconf 75' lang='lat' dir='ltr'><strong>111.s,a.</strong></span> <span class='ocrx_word' id='word_1_396' title='bbox 893 4147 924 4156; x_wconf 87' lang='lat'><strong>..</strong></span> <span class='ocrx_word' id='word_1_397' title='bbox 943 4106 1065 4166; x_wconf 68' lang='lat' dir='ltr'><strong>rotato.</strong></span> <span class='ocrx_word' id='word_1_398' title='bbox 1088 4146 1109 4154; x_wconf 87' lang='lat'><strong>-</strong></span> <span class='ocrx_word' id='word_1_399' title='bbox 1140 4103 1240 4153; x_wconf 76' lang='lat' dir='ltr'><strong>horrido</strong></span> 
     </span>
     <span class='ocr_line' id='line_1_42' title="bbox 124 4168 1239 4238; baseline -0.003 -15"><span class='ocrx_word' id='word_1_400' title='bbox 124 4175 244 4234; x_wconf 73' lang='lat' dir='ltr'><strong>cinctae.</strong></span> <span class='ocrx_word' id='word_1_401' title='bbox 268 4173 334 4222; x_wconf 74' lang='lat' dir='ltr'><strong>barri</strong></span> <span class='ocrx_word' id='word_1_402' title='bbox 372 4176 501 4238; x_wconf 69' lang='lat' dir='ltr'><strong>cynarae.</strong></span> <span class='ocrx_word' id='word_1_403' title='bbox 520 4217 552 4225; x_wconf 85' lang='lat'>-</span> <span class='ocrx_word' id='word_1_404' title='bbox 577 4177 661 4237; x_wconf 70' lang='lat' dir='ltr'><strong>acati.</strong></span> <span class='ocrx_word' id='word_1_405' title='bbox 683 4215 707 4224; x_wconf 92' lang='lat'><strong>..</strong></span> <span class='ocrx_word' id='word_1_406' title='bbox 734 4175 804 4238; x_wconf 79' lang='lat' dir='ltr'><strong>mari,</strong></span> <span class='ocrx_word' id='word_1_407' title='bbox 817 4176 908 4226; x_wconf 83' lang='lat' dir='ltr'><strong>Tadr.</strong></span> <span class='ocrx_word' id='word_1_408' title='bbox 931 4168 1052 4235; x_wconf 57' lang='lat' dir='ltr'><strong>moriad.</strong></span> <span class='ocrx_word' id='word_1_409' title='bbox 1078 4213 1107 4220; x_wconf 84' lang='lat'><em>-</em></span> <span class='ocrx_word' id='word_1_410' title='bbox 1130 4171 1239 4233; x_wconf 72' lang='lat' dir='ltr'><strong>Dtbtaat,</strong></span> 
     </span>
     <span class='ocr_line' id='line_1_43' title="bbox 125 4237 653 4304; baseline 0.004 -15"><span class='ocrx_word' id='word_1_411' title='bbox 125 4242 184 4290; x_wconf 89' lang='lat' dir='ltr'><strong>adr.</strong></span> <span class='ocrx_word' id='word_1_412' title='bbox 202 4241 304 4291; x_wconf 68' lang='lat' dir='ltr'><strong>Dbtant</strong></span> <span class='ocrx_word' id='word_1_413' title='bbox 315 4249 400 4304; x_wconf 80' lang='lat' dir='ltr'><strong>aotam,</strong></span> <span class='ocrx_word' id='word_1_414' title='bbox 411 4237 442 4303; x_wconf 79' lang='grc' dir='ltr'><strong>β.</strong></span> <span class='ocrx_word' id='word_1_415' title='bbox 461 4282 491 4291; x_wconf 86' lang='grc'>-</span> <span class='ocrx_word' id='word_1_416' title='bbox 510 4250 544 4290; x_wconf 82' lang='lat' dir='ltr'><strong>est</strong></span> <span class='ocrx_word' id='word_1_417' title='bbox 554 4243 605 4304; x_wconf 84' lang='lat' dir='ltr'><strong>sab,</strong></span> <span class='ocrx_word' id='word_1_418' title='bbox 617 4245 653 4293; x_wconf 85' lang='lat' dir='ltr'><strong>a&#39;.</strong></span> 
     </span>
    </p>
   </div>
   <div class='ocr_carea' id='block_1_6' title="bbox 0 0 1392 4726">
    <p class='ocr_par' dir='ltr' id='par_1_8' title="bbox 0 0 1392 4726">
     <span class='ocr_line' id='line_1_44' title="bbox 0 0 1392 4726; baseline 0 0"><span class='ocrx_word' id='word_1_419' title='bbox 0 0 1392 4726; x_wconf 95' lang='lat' dir='ltr'><strong> </strong></span> 
     </span>
    </p>
   </div>
  </div>
 </body>
</html>
