2754 4726
388 315 1021 367 n1n.xv11.cse.xxvn.sacr.u.u.
1199 298 1261 365 133

130 472 307 540 evolavere
328 491 393 535 non
414 468 622 537 inveniuntur
643 469 730 533 intus
751 488 854 556 grana
873 489 956 552 quae
975 466 1010 531 in
1024 488 1079 532 eos
1093 487 1188 531 versa
1201 465 1260 531 ad-

131 583 248 661 paret3
271 571 412 636 exeundi
433 580 524 634 tanta
545 581 594 635 est
615 568 753 634 aviditas
773 579 811 634 ut
823 568 968 654 plerique
982 578 1039 632 aut
1051 567 1135 653 pede
1148 566 1261 633 relicto

131 685 194 741 aut
214 672 335 761 pinnae
355 680 447 758 parte
469 681 649 758 erumpant.
671 670 733 736 Est
755 679 787 734 et
807 668 896 733 aliud
910 689 1013 754 genus
1027 667 1165 733 culicum
1179 689 1261 751 quos

131 785 254 842 vocant
274 771 444 850 centrinas,
468 770 551 837 fucis
573 772 681 857 apium
703 770 822 836 similes
842 768 974 855 ignavia
988 767 1171 851 malitiaque
1186 790 1261 834 cum

132 875 282 965 pernicie
293 861 450 939 ⁸verorum
473 884 506 938 et
528 872 672 950 utilium3
695 871 884 937 interimunt
902 870 988 935 enim
1002 869 1074 935 illos
1088 879 1183 952 atque
1196 868 1261 955 ipsi

132 975 387 1042 conmoriuntur.
419 972 552 1037 Vexant
572 983 605 1038 et
627 973 730 1037 tineae
753 973 874 1037 semina
887 971 1032 1048 ficorum,
1054 979 1166 1035 contra
1180 981 1323 1052 quastus

131 1076 315 1142 remedium
339 1074 375 1138 in
402 1073 515 1137 eodem
544 1073 655 1139 scrobe
677 1073 828 1139 defodere
849 1074 968 1138 taleam
986 1070 1112 1137 lentisci
1132 1069 1262 1137 inversa

132 1188 232 1265 parte
252 1197 335 1261 quae
357 1175 455 1240 fuerit
476 1197 496 1238 a
510 1174 687 1239 cacumine.
710 1172 901 1238 Uberrimas
914 1184 1022 1238 autem
1034 1171 1116 1236 ficus
1129 1169 1260 1235 rubrica

132 1300 269 1342 amurca
289 1275 390 1341 diluta
411 1285 442 1340 et
457 1297 531 1339 cum
544 1273 619 1338 timo
634 1273 745 1338 infusa
758 1273 920 1339 radicibus
935 1272 1085 1337 frondere
1097 1270 1259 1355 incipien-

133 1377 218 1442 tium
229 1376 316 1442 facit.
332 1375 574 1461 'caprificorum
594 1373 769 1439 laudantur
789 1396 939 1439 maxume
961 1374 1073 1460 nigrae
1098 1372 1184 1439 etin
1198 1392 1257 1457 pe-

133 1477 240 1555 trosis,
261 1477 412 1561 quoniam
433 1477 595 1541 frumenta
616 1475 765 1560 pluruma
785 1473 940 1552 habeant,
969 1472 1165 1559 caprificatio
1185 1470 1258 1559 ipsa

132 1588 213 1664 post
231 1575 376 1641 imbrem.
721 1637 728 1649 ,

177 1679 231 1744 45.
252 1676 292 1741 In
313 1676 426 1762 primis
448 1688 555 1743 autem
577 1677 757 1743 cavendum
777 1699 819 1742 ne
841 1699 881 1742 ex
903 1675 1053 1741 remediis
1074 1674 1153 1741 vitia
1167 1673 1255 1753 fiant,
1269 1684 1318 1732 ²⁵⁷

131 1778 223 1863 qnod
243 1777 351 1843 evenit
378 1777 488 1843 nimia¹
503 1788 561 1842 aut
588 1777 813 1863 intempestiva
840 1777 1010 1843 medicina.
1046 1776 1256 1842 Interlucatio

129 1877 303 1944 arboribus
323 1877 469 1964 prodest,
503 1876 561 1943 sed
582 1877 724 1947 omnium
745 1899 900 1942 annorum
922 1877 1093 1941 trucidatio
1105 1860 1256 1941 'inutilis-

131 1981 225 2045 sima
246 1977 333 2045 Vitis
355 1989 479 2043 tautum
502 1990 668 2042 tonsuram
689 1998 828 2040 annuam
848 1976 984 2058 quaerit,
1007 1977 1161 2040 alternam
1180 1996 1256 2040 vero

131 2091 268 2166 myrtus,
295 2079 443 2163 punicae,
470 2078 568 2156 oleae,
599 2078 674 2161 quia
696 2075 843 2142 celeriter
862 2075 1083 2141 fruticescunt.
1120 2073 1255 2139 Ceterae

130 2179 238 2245 rarius
263 2180 451 2255 tondentur,
483 2179 571 2243 nulla
598 2189 770 2255 autumn03
806 2199 845 2243 ac
870 2200 912 2242 ne
940 2177 1098 2243 raduntur
1123 2174 1254 2261 quidem

131 2281 196 2347 nisi
216 2303 304 2347 vere.
324 2279 496 2345 Putatione
516 2279 632 2366 plagae
644 2279 687 2344 ad
702 2277 811 2345 vitalia
824 2289 900 2344 sunt
913 2279 1018 2345 omnia
1032 2298 1252 2362 quaecumque

127 2405 196 2447 non
218 2402 428 2467 supervacua.

172 2483 227 2545 46.
250 2477 381 2546 Similis
401 2481 467 2546 fimi
489 2481 579 2547 ratio.
603 2479 757 2547 Gaudent
778 2504 832 2559 eo,
865 2482 922 2548 sed
951 2481 1129 2549 cavendum
1154 2503 1197 2545 ne
1216 2480 1252 2545 in
1265 2489 1314 2534 2⁵8

129 2582 261 2647 fervore
282 2581 359 2647 solis
379 2582 601 2659 admoveatur,
627 2603 670 2646 ne
690 2581 899 2659 inmaturum,
925 2604 968 2646 ne
995 2581 1131 2646 validius
1154 2602 1252 2664 quam

128 2704 216 2768 opus
243 2681 296 2746 sit.
333 2680 411 2746 Urit
437 2682 547 2775 vineas
575 2680 704 2747 suillum
729 2680 792 2745 nisi
813 2679 1032 2765 quinquennio
1052 2680 1251 2765 interposito,

129 2792 356 2868 praeterquam
378 2783 406 2847 si
427 2781 530 2870 riguis
551 2781 703 2858 diluatur,
725 2790 758 2845 et
772 2802 790 2845 e
803 2779 1011 2846 coriariorum
1026 2779 1175 2844 sordibus
1189 2779 1253 2845 nisi

128 2883 276 2948 mixta
306 2904 406 2966 mm
439 2883 517 2947 item
547 2882 679 2968 largius.
714 2879 842 2945 Iustum
872 2882 1067 2946 existumant
1092 2879 1125 2942 in
1152 2879 1251 2946 denos

127 2984 232 3070 pedes
253 2983 426 3066 quadratos
448 2984 505 3048 tris
526 2981 722 3060 modios;.id
742 2983 873 3066 quidem
891 2982 950 3046 soli
965 2992 1079 3045 natura
1093 2979 1250 3046 decernet.

162 3187 251 3249 §aba
265 3188 348 3252 prim
358 3189 504 3254 asymam.
517 3229 548 3239 -
566 3188 715 3249 maanaim,
725 3191 748 3238 d
762 3228 793 3238 ..
812 3186 1085 3251 eaimmriusquefflint.
1098 3228 1130 3239 ..
1147 3185 1251 3250 Eadem,

126 3273 152 3306 a
172 3296 204 3305 ..
226 3257 381 3318 erra‚omitt.
393 3260 437 3307 ad.
456 3297 488 3306 ..
510 3255 660 3320 caprfficatic
672 3256 870 3315 maturet,'l'ad.
891 3254 1068 3319 caprificatione
1079 3264 1209 3320 maturata,
1220 3252 1249 3317 β.

163 3336 250 3399 §aaa
267 3354 289 3401 e,
302 3354 353 3391 om.
366 3342 390 3390 d.
409 3342 480 3391 Haec
493 3347 662 3403 sumpturum
673 3354 706 3389 ex
717 3340 848 3404 Theophr.
859 3341 877 3391 l.
889 3341 907 3390 1.
920 3339 955 3390 IL
969 3347 993 3399 8,
1006 3346 1028 3390 2.
1043 3382 1074 3391 ..
1091 3342 1250 3406 manifestum,

127 3423 170 3457 ar.
187 3406 340 3471 mandamur
351 3415 392 3467 est,
403 3404 474 3472 ᾱβγ.
488 3448 519 3456 -
534 3406 625 3471 pinnae
632 3414 711 3470 parte,
727 3398 826 3456 OTac.
839 3423 921 3471 penna
930 3407 1032 3471 pariter,
1044 3403 1073 3468 β.
1088 3450 1116 3458 -
1135 3409 1250 3470 cendum,

126 3491 147 3524 r.
168 3514 200 3522 -
218 3472 309 3537 apicem
321 3477 365 3524 ad
383 3491 464 3538 apum,
475 3470 504 3534 β.
525 3515 556 3524 ..
575 3473 763 3536 commoriuntur,
777 3465 806 3524 θ.
824 3474 963 3537 moriuntur,
975 3470 1067 3540 adssy.

163 3559 250 3620 5256.
335 3574 377 3618 ‚a
391 3599 423 3607 ..
440 3555 553 3619 remedia,
565 3559 618 3608 Τά,
633 3599 664 3607 ..
682 3556 804 3619 cedema.
817 3599 848 3608 ..
868 3557 963 3619 taleam,
972 3561 1039 3609 Pint
1057 3558 1163 3620 Italiam,
1176 3559 1248 3609 Tad.

126 3622 250 3682 Italicam,
286 3661 341 3674 ...
365 3623 462 3686 lentisci,
475 3625 549 3675 Tad.
572 3623 697 3686 butracum,
708 3621 737 3686 β
757 3665 788 3675 ..
812 3625 916 3686 rubrica,
928 3627 1031 3676 Barbar.
1045 3627 1069 3675 d.
1089 3620 1248 3685 lubricatio.

127 3732 161 3741 ..
172 3689 292 3755 frortdcre
306 3691 474 3754 recipientium,
487 3693 511 3741 d.
528 3690 620 3755 ,fraude
636 3691 802 3756 recipientium,
815 3709 838 3742 a.
857 3733 888 3742 ..
907 3693 1008 3741 manime
1025 3691 1160 3753 laudantur,
1173 3696 1197 3743 d.
1217 3733 1248 3742 -

125 3757 397 3886 ῗοῗιζηῖῐὴαόοαητ,
412 3767 472 3822 post
482 3775 505 3808 v.
513 3759 583 3824 fucit
597 3761 707 3809 collocat
717 3761 785 3809 Pim.
801 3761 925 3823 probante
931 3760 1055 3867 bchncid.
1067 3763 1100 3810 ad
1112 3760 1248 3811 Columell.

163 3906 178 3967 5
191 3912 249 3958 257.
275 3906 411 3963 radicatur,
424 3925 439 3958 a
451 3907 535 3972 (codd.
548 3911 658 3962 Salmas.
670 3926 752 3960 exerc.
764 3925 790 3974 p.
803 3916 860 3959 412.
872 3910 896 3958 b.
908 3905 953 3971 E.)
970 3908 1119 3970 radicantur,
1131 3914 1155 3961 d.
1177 3913 1248 3962 Non·

125 3975 200 4024 nulla
217 3982 299 4025 mutat
315 3975 421 4026 Salmas
448 4019 478 4026 -
505 3976 554 4026 ursi
568 3992 622 4026 uere
634 3978 765 4040 putatione.
781 3972 884 4040 Plautia,
900 3971 929 4036 β.
957 4017 988 4026 ..
1012 3976 1098 4042 playa,
1110 3980 1147 4027 ad
1163 3975 1248 4038 (codd.

125 4039 250 4104 Salmas.)
266 4041 397 4092 Putatioue
403 4042 494 4108 piaque
505 4042 540 4092 ad
550 4043 635 4094 uiuida
645 4045 693 4093 aiut
704 4059 782 4093 manes
791 4050 814 4091 et
822 4059 979 4107 quaecumque
986 4060 1134 4108 mpavacua
1143 4042 1248 4106 audeat,

123 4109 218 4158 Dalec.
236 4109 302 4159 Mihi
314 4124 360 4172 pro
371 4118 426 4158 aunt
435 4111 535 4162 videtur
537 4112 605 4173 fiunt
615 4112 774 4163 scribendum
786 4125 848 4162 esse.

161 4194 250 4255 §m
269 4191 409 4254 fimiratio,
422 4195 496 4242 codd.
509 4193 566 4245 Gel.
580 4195 756 4257 fimatio,ad.
778 4234 810 4244 ..
833 4209 870 4255 ea,
882 4195 956 4244 codd
969 4194 1025 4246 uel.
1046 4234 1076 4242 ..
1099 4193 1249 4255 inarmatus,

124 4276 151 4308 a.
170 4258 328 4321 immaturius,
341 4262 394 4311 Tu.
414 4302 444 4311 -
465 4258 591 4324 larqiorius
603 4268 658 4322 tum,
670 4263 715 4312 ad.
734 4302 765 4311 ..
785 4259 895 4322 decernit,
907 4275 928 4309 r.
