2754 4726
374 326 445 374 nm.
461 325 535 374 xm.
565 324 643 373 cnr.
659 326 735 375 xxi.
763 324 862 375 sacr.
877 326 961 373 suu.
1163 309 1226 375 409

103 473 215 541 radice
238 473 370 540 odorata
389 472 524 541 bulbosa
544 495 628 560 quae
650 497 723 543 oum
737 474 831 543 melle
844 475 987 563 inposita
1003 475 1107 542 ventri
1128 496 1228 560 aquas

103 574 197 664 pellit
218 584 252 640 et
272 574 463 663 sangiunem
485 575 581 641 etiam
602 575 757 642 inutilem.
779 575 872 642 Folia
886 576 1048 664 epiphoris
1062 575 1227 644 nardorum

104 697 376 760 mammarumque
396 685 472 761 post
492 685 622 761 partum
643 676 808 743 doloribus
830 676 1018 744 inlinuntur.

148 775 202 840 91.
222 774 398 841 Helenium
420 774 461 840 ab
483 774 626 856 Heleno,
654 786 691 841 ut
712 776 868 855 diximus,
895 787 1005 842 notum
1025 776 1134 842 favere
1155 798 1226 844 ore·
1243 792 1290 839 rto

104 875 194 940 ditur
219 875 356 954 formae,
390 886 496 942 cutem
525 876 696 943 mulierum
723 877 759 942 in
784 878 865 944 facie
886 877 1073 962 reliquoque
1094 897 1228 964 corpore

104 975 227 1042 nutrire
240 975 460 1062 incorruptam
466 1000 475 1053 ;
497 986 664 1063 praeterea
685 987 800 1063 putant
821 998 883 1042 usu
904 977 973 1043 eius
995 976 1155 1062 quandam
1177 977 1226 1042 vi·

106 1086 161 1141 tae
181 1074 319 1162 gratiam
339 1075 379 1141 iis
393 1097 608 1162 veneremque
623 1076 795 1144 conciliari.
817 1076 1011 1144 Attrihuunt
1033 1087 1067 1143 et
1084 1077 1227 1143 hilarita-

107 1177 150 1243 tis
172 1177 323 1243 effectum
344 1176 449 1242 eidem
469 1188 566 1263 potae
587 1177 621 1242 in
641 1178 718 1243 vino
732 1200 870 1263 eumque
891 1200 987 1264 quem
1001 1178 1150 1244 habuerit
1170 1199 1227 1242 ne·

106 1276 242 1363 penthes
268 1275 347 1341 illud
374 1277 595 1361 praedicatum
627 1277 669 1344 ab
698 1277 850 1358 Homero,
880 1299 944 1364 quo
971 1277 1102 1344 tristitia
1122 1276 1227 1343 omnis

106 1377 301 1454 aboleretur;
327 1387 377 1442 est
397 1387 506 1443 autem
527 1377 596 1443 suci
616 1378 809 1464 praedulcis.
830 1378 968 1445 Prodest
989 1388 1021 1444 et
1041 1377 1227 1464 orthopnoi-
1261 1380 1270 1391 ”

107 1477 154 1544 cis
175 1476 269 1542 radix
291 1476 360 1542 eius
381 1475 415 1541 in
437 1497 522 1562 aqna
534 1477 650 1544 ieiunis
671 1490 764 1565 pota3
787 1488 836 1545 est
856 1488 963 1544 autem
982 1479 1120 1545 candida
1140 1478 1228 1543 intus

107 1588 140 1643 et
161 1577 274 1644 dulcis.
296 1576 426 1643 Bibitur
447 1587 479 1642 et
500 1587 611 1644 contra
632 1579 828 1665 serpentium
844 1578 928 1644 ictus
951 1599 992 1644 ex
1013 1579 1105 1656 vino;
1128 1577 1229 1642 muris

107 1698 238 1763 quoque
260 1677 398 1743 contrita
419 1677 538 1744 dicitur
558 1700 683 1745 necare.

150 1772 203 1842 922
225 1777 453 1843 Habmtonum
473 1777 610 1843 duorum
632 1778 770 1845 traditur
790 1800 962 1866 generum,
990 1787 1169 1866 campestre
1190 1800 1228 1844 ao
1243 1794 1292 1841 roo

106 1886 312 1954 montanum
333 1879 395 1944 hoc
409 1877 571 1956 feminam,
590 1878 670 1946 illud
690 1902 811 1945 marem
825 1880 969 1967 intellegi
982 1880 1104 1946 volunt.
1125 1879 1227 1944 Ama·

106 1978 216 2044 ritudo
236 1978 376 2065 apsinthi
397 1978 431 2043 in
451 1989 598 2063 utroque.
621 1978 768 2047 Siculum
780 1979 1045 2067 laudatissimum,
1067 1980 1144 2045 dein
1158 1976 1227 2044 Ga·

105 2078 248 2146 laticum.
270 2078 362 2146 Usus
384 2089 418 2146 et
437 2079 532 2158 foliis,
555 2079 613 2146 sed
633 2080 735 2146 maior
749 2081 862 2147 semini
883 2080 926 2147 ad
940 2079 1228 2154 excalfaciendum3

105 2178 182 2245 ideo
203 2178 310 2245 nervis
330 2179 425 2258 utile,
449 2181 541 2260 tussi,
563 2179 788 2268 orthopnoeae,
811 2181 985 2260 convolsis,
1007 2179 1123 2269 ruptis,
1144 2180 1228 2247 lum·

106 2281 173 2360 bis,
195 2283 306 2348 urinae
327 2283 494 2372 angustiis.
516 2282 625 2350 Datur
645 2282 821 2351 bibendum
841 2283 1045 2350 manuahhns
1065 2282 1229 2349 fasciculis
1244 2296 1289 2341 161

107 2384 252 2450 decoctis
276 2383 319 2450 ad
340 2384 451 2450 tertias
472 2384 573 2471 partis
580 2408 589 2460 3
624 2407 665 2450 ex
691 2384 743 2450 his
764 2385 928 2468 quaternis
950 2382 1075 2470 cyathis
1096 2382 1228 2449 bibitur.

106 2484 217 2550 Datur
238 2495 271 2550 et
292 2506 400 2550 semen
421 2494 553 2550 tunsum
566 2486 601 2550 in
622 2506 706 2570 aqua
727 2485 897 2551 drachmae
919 2483 1071 2570 pondere
1092 2482 1230 2548 Prodest

106 2597 141 2652 et
161 2586 292 2662 volvae3
325 2584 496 2669 concoquit
517 2605 618 2672 panos
638 2586 713 2650 cum
734 2584 839 2650 farina
864 2582 1035 2651 hordeacia
1062 2593 1094 2648 et
1120 2581 1228 2649 oculo·

107 2789 272 2854 odoratam.
289 2829 322 2842 ..
348 2790 446 2842 balbona
461 2807 535 2857 psoe3
556 2792 593 2843 ita
609 2806 658 2844 nos
674 2792 827 2858 scripsimus.
854 2806 915 2855 quac
931 2786 1132 2852 tdtoequvd.
1158 2794 1230 2851 atqua
1324 2826 1327 2833 .

107 2858 204 2908 bolom
215 2875 283 2922 quoe,
294 2855 345 2923 βγ.
364 2867 435 2923 atque
446 2858 567 2909 talbescm
579 2876 648 2924 qaae,
657 2876 677 2911 r.
695 2859 872 2923 Transpositio
883 2859 986 2908 illarum
997 2871 1090 2907 vocum
1101 2857 1129 2906 in
1140 2856 1229 2906 arche·

107 2935 171 2991 typo
189 2940 250 2977 casu
265 2926 334 2977 facta
347 2927 555 2992 interpolationes
570 2929 687 2991 vulgatas
703 2926 794 2977 effecit
813 2965 845 2975 -
869 2939 955 2989 aquus,
969 2916 1080 2974 OV'l'd.
1106 2937 1180 2987 aqua
1196 2922 1228 2973 R.

106 2988 246 3057 aquomst.
265 3032 297 3043 ..
314 2991 432 3058 nepum,
444 2993 475 3043 u
495 3033 526 3043 -
544 2992 670 3055 munta,
682 2994 716 3044 v.
735 2993 825 3045 omitt.
837 2993 890 3044 Ro.

141 3095 227 3157 515⁹.
249 3092 387 3155 Habonium,
397 3095 430 3145 R.
449 3135 480 3144 ..
503 3092 671 3156 Helenavd.
696 3093 822 3155 eleriaRt
844 3090 1104 3145 Helcaoeutdioeimos
1115 3087 1228 3150 Minis,

108 3159 142 3210 K.
161 3201 193 3210 ..
211 3157 314 3209 dicamas
330 3160 345 3223 5
363 3165 403 3212 59.
418 3198 450 3212 ,.
469 3159 615 3225 reliquoque,
626 3163 658 3214 R.
676 3160 767 3225 reliquo
781 3175 884 3224 qaoque,
899 3160 955 3210 Vd.
972 3199 1004 3208 ..
1022 3158 1085 3206 vitae
1114 3157 1228 3210 Gronov.

107 3227 214 3278 macen.
226 3242 252 3292 p.
264 3232 322 3280 eoo.
340 3235 397 3290 um,
409 3227 503 3290 nso,
519 3221 627 3280 οντα.
640 3229 729 3280 omitt.
742 3231 816 3278 cono.
829 3227 885 3279 ou.
896 3221 948 3294 cr.
968 3266 998 3276 -
1017 3224 1062 3286 io,
1078 3194 1106 3274 ὀ.
1126 3265 1157 3273 -
1176 3238 1228 3272 sum

107 3309 227 3361 querque,
239 3297 263 3345 d.
281 3334 313 3345 ..
332 3295 464 3358 lahomor,
476 3297 510 3347 V.
529 3337 560 3346 ..
579 3293 711 3360 sepientes,
723 3294 785 3345 RV.
802 3335 835 3344 ..
853 3293 927 3356 illam,
938 3293 993 3343 Vd.
1009 3333 1039 3343 ..
1056 3289 1229 3356 praecidatum,

106 3361 142 3410 V.
159 3401 191 3410 ..
208 3361 312 3412 Homero
325 3362 416 3427 Odyss.
428 3360 453 3420 ὃ,
465 3369 524 3414 221.
541 3404 573 3414 ..
592 3379 646 3426 qao,
658 3363 733 3413 311¹.
750 3359 822 3426 quod,
833 3357 914 3424 Vdss.
931 3358 997 3424 qaod
1006 3376 1041 3421 eo,
1053 3360 1102 3410 K2.
1122 3399 1154 3409 ..
1172 3359 1228 3408 olo·

107 3424 202 3488 loreto,
215 3429 267 3479 Τᾱ,
293 3427 407 3492 aboletur,
419 3430 453 3480 V.
479 3428 636 3493 aboleturqlt.
663 3424 856 3493 choum&
875 3469 907 3479 ..
930 3425 1095 3492 orthopnoicis,
1111 3428 1228 3478 Dioscor.

107 3497 236 3611 midi
245 3493 410 3613 I{pretiosus
433 3495 585 3560 traditan
605 3537 636 3547 -
656 3504 730 3561 poa,-
746 3496 854 3558 estve.
875 3494 1004 3559 postult.
1024 3535 1055 3545 ..
1078 3492 1228 3554 marimo.

172 3579 180 3610 ι
226 3599 234 3623 ,
302 3599 309 3613 .

140 3663 228 3726 §loo
249 3661 352 3729 intellipi
363 3662 451 3728 rolant,
462 3666 495 3716 V.
522 3662 624 3730 intellipi
639 3662 796 3726 antumnali.
823 3659 1165 3728 intellipeatallmcolant,'1’d.
1192 3659 1228 3709 in-

108 3727 185 3794 tellipi
198 3727 312 3792 volomus,
328 3726 378 3797 βγ.
405 3731 508 3798 ictellipi
523 3739 630 3782 aucum
645 3729 731 3790 volunt,
746 3730 814 3782 Pint.
839 3731 880 3782 De
897 3731 953 3795 ipss
968 3731 1057 3794 planta
1071 3743 1096 3777 r.
1107 3729 1228 3778 Dioscor.

106 3800 132 3858 8,
144 3802 186 3847 26.
206 3837 238 3847 -
266 3796 328 3848 Usar
343 3806 374 3860 et,
390 3800 503 3850 RVTd.
534 3800 597 3850 Usus
612 3805 648 3848 est
662 3806 692 3861 ct,
703 3794 733 3860 β.
753 3839 784 3847 -
810 3795 846 3845 od
860 3794 1072 3861 excalfaciendam,
1083 3796 1117 3845 V.
1144 3793 1228 3844 oder·

106 3861 303 3927 edomas,
316 3867 340 3915 s.
363 3864 668 3930 decessurumue.
688 3906 718 3915 -
742 3863 906 3927 sunm,
919 3863 1032 3915 oronov.
1046 3865 1070 3912 s.
1093 3861 1228 3925 assem,

106 3929 139 3980 R.
165 3927 329 3995 orthopooetc,
345 3933 380 3983 V.
403 3974 434 3983 -
461 3932 577 3984 casuue
592 3933 682 3997 ruptim
704 3948 752 3997 pro
769 3932 811 3983 his
828 3946 868 3981 vv.
884 3932 962 3982 habet
977 3929 1047 3996 vobis
1063 3928 1180 3994 corruptis
1195 3927 1227 3990 R,

107 4007 181 4080 uto
192 4031 310 4096 mn
321 4033 356 4095 v,
374 4014 535 4099 necepses
546 4036 571 4085 s.

109 4130 342 4262 -ssolrmhittvtr,
353 4135 385 4186 R
403 4135 522 4199 bibuntur,
533 4136 588 4188 Vd.
608 4133 745 4219 ..ouhcq
756 4136 788 4186 R.
803 4177 835 4186 ..
858 4131 1006 4237 conquoqat't,
1018 4132 1052 4182 V.
1070 4170 1100 4181 ..
1115 4129 1185 4194 poni,
1197 4129 1227 4180 R.
