2754 4726
432 317 501 363 mc.
519 316 619 364 nvn..
636 317 715 363 cnr.
730 316 777 363 ιιι.
806 314 904 363 scor.
922 318 951 359 rc.
1209 296 1251 363 89

128 468 242 534 abradi
263 469 366 555 partis
386 488 470 552 quac
492 488 528 533 se
549 467 750 533 nudaverint
786 465 901 532 Testes
927 466 1026 551 aliqui
1054 467 1105 530 vel
1126 462 1253 550 lapides

129 571 285 636 rotundos
306 569 412 635 subici
433 568 566 647 malunt,
595 568 650 653 qui
671 577 705 632 et
726 567 910 632 contineant
929 588 1073 632 umorem
1093 577 1127 630 et
1147 576 1252 631 trans·

128 671 268 748 mittant,
294 692 358 736 non
379 671 456 735 item
476 670 589 754 planos
611 669 720 735 facere
740 678 774 733 et
796 689 815 732 a
837 680 961 735 terreno
983 688 1091 733 arcere
1111 667 1253 732 radicem

128 771 381 849 existumantest
415 771 525 858 glarea
557 769 717 836 substrata
748 769 832 834 inter
863 780 1031 853 utramque
1063 768 1253 832 seutentiam

129 872 240 938 fuerit.
263 872 424 938 Arborem
444 893 505 937 nec
524 871 679 937 minorem
693 870 780 936 bima
800 892 861 936 nec
875 870 1028 935 maiorem
1043 866 1136 933 trima
1149 878 1254 932 nans·
1266 885 1299 931 se

129 973 217 1037 ferre
241 972 376 1056 quidam
401 972 620 1058 praecipiunt,
647 972 700 1037 alii
730 991 804 1038 curn
830 992 949 1036 annum
980 969 1143 1055 conpleat,
1172 962 1255 1031 ento

130 1073 322 1140 crassiorem
343 1074 486 1159 quinque
500 1073 623 1160 digitis.
644 1073 720 1139 Non
742 1074 905 1140 omisisset
925 1072 1023 1149 idem,
1046 1069 1074 1135 si
1095 1068 1255 1146 attineret,

130 1166 341 1239 meridianam
373 1166 454 1241 caeli
482 1185 608 1260 partem
637 1176 766 1263 signare
792 1175 826 1239 in
855 1174 990 1251 cortice,
1019 1181 1057 1235 ut
1082 1170 1255 1233 translatae

130 1273 247 1338 iisdem
269 1285 301 1339 et
322 1275 466 1340 adstruis
488 1286 705 1342 statuerentur
723 1276 798 1354 oris,
821 1298 863 1340 nc
877 1270 1056 1359 aquiloniae
1070 1268 1256 1335 meridianis

131 1375 301 1460 oppositae
326 1375 446 1442 solibus
472 1376 672 1442 finderentur
698 1390 731 1442 et
751 1377 897 1463 algerent
915 1374 1110 1440 meridianae
1131 1369 1255 1455 aquilo-
1327 1407 1335 1417 -

132 1472 240 1567 nibus.
268 1472 407 1558 Quot'e
427 1478 558 1544 diverso
579 1478 744 1544 adfectant
764 1479 863 1544 etiam
881 1477 1013 1561 quidam
1034 1476 1069 1538 in
1091 1472 1156 1537 vite
1176 1470 1256 1535 dcc·
1269 1489 1302 1535 ss

26 1574 31 1583 '
132 1597 212 1659 qna,
244 1587 465 1663 permutantes
492 1578 527 1642 in
555 1580 766 1655 contrarium
800 1578 967 1644 densiores
995 1572 1083 1641 enirn
1109 1571 1187 1638 folio
1211 1569 1258 1634 ita

133 1676 202 1741 deri
228 1678 397 1764 magisque
422 1690 594 1765 protegere
619 1681 759 1745 fructum
786 1688 820 1745 et
847 1679 955 1743 minus
976 1670 1122 1740 emittere
1143 1672 1257 1737 ficurn·

134 1798 199 1862 que
221 1772 387 1844 nicetiana
407 1781 577 1846 scansssem
598 1780 677 1845 fieri.
706 1778 857 1864 Plerique
878 1780 913 1843 id
934 1779 1065 1843 demum
1085 1783 1201 1841 cavent
1221 1780 1259 1834 ut

134 1866 234 1964 plaga
258 1879 405 1964 deputati
437 1880 613 1946 cacuminis
638 1879 804 1944 meridiem
834 1888 973 1964 spectet,
1002 1874 1108 1964 ignari
1133 1871 1259 1937 fissuris

134 1979 225 2043 nimii
247 1980 377 2065 vaporis
394 1980 528 2068 opponi.
555 1980 596 2044 Id
617 1979 747 2064 quidem
768 1978 803 2042 in
824 1977 935 2042 horam
956 1977 1019 2041 diei
1041 1974 1187 2058 quintam
1208 1970 1260 2034 vel

134 2090 283 2144 octavam
311 2089 457 2166 spectare
478 2081 653 2147 maluerim.
689 2078 805 2164 Aeque
826 2080 905 2143 latet
931 2094 996 2141 uon
1021 2069 1259 2160 neglegendum
1272 2092 1305 2137 ιι

135 2200 177 2247 ne
197 2181 324 2247 radices
343 2198 436 2248 mora
455 2183 636 2249 inarescant
657 2200 739 2248 nere
761 2204 780 2246 a
802 2177 1074 2267 septentrionibus
1094 2188 1152 2240 aut
1165 2170 1207 2239 ab
1220 2192 1261 2239 es

135 2292 228 2367 parte
250 2282 336 2348 cesti
361 2298 465 2368 usque
492 2284 535 2349 ad
561 2294 707 2349 exortum
733 2282 910 2348 brumalem
937 2290 1034 2346 vento
1061 2277 1157 2343 flante
1179 2275 1259 2341 effo-

134 2382 266 2447 diantur
295 2383 426 2450 arborea
452 2396 510 2448 aut
538 2394 623 2450 certe
648 2406 713 2449 nou
743 2384 897 2466 adversae
924 2382 975 2447 his
1003 2372 1108 2447 ventis
1135 2376 1260 2442 radices

134 2481 367 2568 praebeantur,
396 2485 634 2572 propterquod
654 2482 867 2562 emoriuntur,
888 2483 1012 2570 ignaris
1033 2500 1150 2547 musae
1171 2474 1260 2563 agri·

136 2658 283 2717 (¹²me
296 2666 394 2723 putem,
410 2668 440 2711 ut
456 2674 577 2725 maguum
592 2661 636 2710 hic
650 2661 769 2711 lacunam
779 2670 932 2724 agnoscam
948 2658 1024 2720 plura
1040 2656 1189 2707 excidemu
1199 2658 1260 2703 anta

134 2716 218 2788 ipsam
231 2740 322 2789 rocem
332 2720 433 2788 Ereide,
446 2742 512 2791 quae
522 2728 608 2777 Plinio
620 2726 688 2777 viam
699 2727 844 2777 munierunt
855 2728 887 2777 ad
898 2724 983 2774 iocum
994 2722 1089 2786 Papirii
1098 2722 1259 2771 narrandum.

136 2826 171 2841 c.
183 2790 302 2871 Q
312 2792 399 2873 inm,
410 2796 456 2847 sd.
470 2794 557 2859 eitqst't,
569 2793 685 2874 edm,
695 2790 748 2874 dr.
758 2833 790 2843 ..
802 2808 895 2873 escures
906 2790 980 2841 morit.
992 2789 1047 2850 Eat,
1059 2790 1139 2870 ilerd.
1157 2783 1261 2835 accub

134 2863 425 2991 totidem
435 2855 1260 3004 iio{didieddidiffliiiliidiiiissfflieffl

134 3000 216 3043 ΝΜ
226 2993 274 3044 Pe.
282 2996 403 3058 ΝΜ
412 3006 481 3048 reate
491 3000 525 3048 ad
536 2999 669 3062 sequentia
678 2998 772 3057 retulit,
783 3004 843 3047 culn
854 2996 934 3046 Her-d.
946 3000 1007 3057 post
1011 2996 1131 3055 praetem
1139 2988 1214 3053 plene
1221 3004 1260 3038 m-

135 3070 318 3178 ffunmet.
330 3100 362 3113 ..
379 3063 473 3127 obstin,
484 3068 509 3117 d.
525 3063 624 3123 οᾰνιιᾶιζ
639 3059 705 3117 θαι.
718 3104 750 3114 ..
772 3063 865 3123 Testae,
877 3062 949 3113 Tati.
968 3067 1042 3117 terro,
1053 3053 1075 3120 β
1086 3059 1120 3109 ad
1131 3057 1261 3121 superiora

175 3143 256 3179 erens.
271 3124 308 3179 V.
321 3122 419 3194 Vergil.
431 3142 519 3195 georg.
532 3136 555 3192 2,
569 3138 627 3183 ³48.
650 3172 682 3181 ..
710 3130 754 3191 vet,
766 3145 815 3192 ego
827 3128 928 3189 inserui,
941 3142 999 3176 cum
1011 3125 1090 3189 aliqui
1100 3125 1179 3177 semel
1190 3118 1260 3188 posi-

136 3204 192 3245 tum
204 3210 259 3246 non
270 3211 317 3261 pro
327 3195 440 3261 aliqui..
447 3197 525 3261 aliqui
534 3199 584 3247 dici
595 3199 688 3262 possit;
705 3198 799 3246 excidit
810 3196 954 3246 coniunctio
966 3210 1011 3259 per
1021 3196 1118 3244 litteras
1130 3191 1165 3241 ott
1175 3193 1260 3257 proxi·

136 3276 196 3311 mae
206 3270 233 3312 et
243 3265 372 3327 sequentia
382 3266 461 3315 vocis.
476 3305 508 3313 ..
524 3263 569 3327 qui
578 3263 645 3312 houd
654 3264 795 3324 conticeant,
807 3264 897 3313 Dalec.
910 3271 937 3314 et
946 3262 1066 3314 Schneid.
1078 3263 1111 3310 ad
1119 3261 1257 3312 Columell

135 3328 188 3379 III.
198 3332 420 3395 lb‚&,Tbeopbr.
431 3333 540 3382 decana
550 3333 631 3396 plant.
644 3328 692 3381 111
706 3336 730 3392 b,
744 3336 766 3381 b.
784 3334 822 3382 At
830 3331 874 3395 qul
881 3332 958 3381 rerba
966 3329 1128 3381 columellae
1136 3331 1168 3379 de
1179 3328 1260 3378 arbor.

135 3403 163 3455 4,
174 3399 199 3446 b.
210 3399 353 3448 accuratius
362 3399 509 3462 inspexerit,
524 3400 619 3449 ridebit
629 3399 742 3451 Plinium
757 3399 833 3449 huius
844 3398 995 3449 sententiam
1006 3398 1033 3447 in
1043 3398 1144 3447 brevius
1160 3405 1260 3447 contre·

135 3464 216 3525 xiste,
231 3466 309 3515 atad
324 3462 459 3515 oentiaeant
473 3478 567 3516 nomen
579 3465 659 3526 Mense,
674 3470 707 3517 ad
720 3465 882 3515 tramittant
896 3480 990 3516 nomen
1001 3471 1091 3514 carae
1102 3464 1259 3528 suppleatur.

138 3571 171 3581 ..
190 3542 238 3579 taor
248 3539 326 3580 mrem
332 3530 407 3597 plone
417 3533 502 3594 mem,
514 3532 556 3582 los
566 3549 584 3582 c
596 3541 692 3596 terreno,
703 3535 792 3585 Dalec.
811 3575 842 3583 -
859 3532 947 3599 qlortb,
960 3534 984 3582 d.

172 3625 242 3687 588.
269 3622 407 3686 transfere,
419 3641 442 3675 a.
467 3622 684 3692 banesenidssr.
708 3668 739 3677 ..
763 3643 859 3687 mum,
871 3629 896 3677 d.
918 3641 1057 3687 ciccum.
1080 3665 1112 3673 ..
1138 3621 1261 3687 compleat

135 3688 337 3755 'redimisse
348 3686 399 3757 βγ.
416 3731 438 3740 -
466 3688 525 3743 Cato
536 3696 567 3744 de
578 3709 605 3744 re
617 3703 678 3745 rust
691 3700 732 3756 28,
744 3701 767 3744 2.
785 3736 817 3745 -
835 3693 953 3754 attineret,
966 3695 1039 3743 codd.
1052 3692 1109 3745 (iel.
1127 3691 1261 3752 abstineret,

136 3758 183 3806 ad.
203 3798 234 3807 ..
254 3756 395 3820 conlatae,
406 3759 443 3809 ite
454 3775 503 3811 nos
513 3762 667 3826 scripsimus.
686 3760 797 3820 bamlat,
806 3778 829 3811 a.
849 3760 980 3819 nombre,
992 3761 1045 3811 Tc.
1069 3759 1198 3821 ramlera,
1208 3753 1260 3822 βγ.

135 3824 240 3888 Ubique
251 3825 277 3875 la
290 3827 308 3876 l.
320 3841 439 3877 numerus
450 3828 556 3892 pluralis
566 3830 676 3894 ponitur,
693 3830 737 3893 qui
749 3838 774 3879 et
785 3828 851 3879 inira
866 3843 911 3893 per
923 3828 1036 3877 codicem
1048 3829 1071 3879 Τ
1082 3824 1261 3890 (statueretur)

134 3894 382 3945 commendatur...
402 3892 491 3958 itidem,
504 3894 536 3946 Τ.
553 3894 635 3955 iader,
647 3913 671 3947 a.
690 3894 785 3957 dudan,
796 3899 820 3947 d.
838 3890 1021 3961 iciodorum.
1034 3936 1065 3946 -
1084 3903 1147 3956 eta.
1165 3895 1260 3956 ian.

137 3999 171 4009 ..
188 3966 356 4041 sumerentur,
368 3962 398 4013 Τ.
416 3970 566 4024 statueretur,
577 3958 672 4029 adssy.
690 4004 722 4013 ..
740 3963 797 4024 oreb,
809 3964 863 4013 Ta.
882 3961 955 4024 doris,
968 3957 1040 4028 ᾱβγ.

172 4050 188 4111 θ
200 4055 242 4102 st.
272 4051 377 4110 Quam
388 4054 591 4118 bwoeaaafiquat,
603 4055 629 4103 ιἰι
640 4054 687 4103 uite
698 4063 769 4118 utque
780 4055 917 4117 edamfico,
926 4063 1094 4118 pemetcntee,
1106 4055 1196 4103 Dulce.
1219 4054 1261 4102 De

135 4134 166 4169 rs
176 4134 201 4169 v.
213 4120 346 4183 Theophr.
359 4122 418 4171 hist.
430 4124 510 4185 plant.
522 4122 558 4171 11.
571 4129 595 4183 d,
609 4129 649 4173 ll.
668 4163 699 4171 -
718 4122 830 4171 densim
836 4121 980 4186 enimfolt'a,
992 4139 1011 4172 r.
1026 4163 1056 4171 -
1067 4121 1180 4183 fictamve,
1192 4137 1215 4171 a.
1229 4160 1260 4168 ...

134 4184 272 4253 scapstlcra,
283 4188 331 4237 ad.
341 4188 458 4251 setiam,
469 4191 503 4239 K.
521 4228 549 4237 ..
572 4189 692 4252 tynum.
710 4189 735 4238 ia
747 4189 834 4254 ι’ριιανί,
846 4191 871 4238 d.
1253 4240 1258 4255 -.

173 4271 243 4332 §stt
270 4289 294 4335 a,
306 4289 357 4323 om.
369 4276 392 4324 d.
407 4314 436 4322 ..
456 4272 681 4335 concrematae,
693 4278 729 4324 a'.
745 4314 770 4323 -
792 4276 910 4335 obversae,
921 4276 954 4325 K.
969 4316 999 4323 ..
1012 4272 1056 4334 ltu,
1069 4274 1120 4323 Ta.
1139 4273 1175 4332 ite,
1188 4266 1260 4333 ᾱβγ.
1322 4264 1329 4281 ’

180 4459 190 4511 l
