2754 4726
371 295 438 341 nm.
454 295 540 340 xvu.
569 295 647 340 cae.
664 295 781 340 11..1v.
812 295 909 342 sacr.
925 297 943 339 a
958 298 977 338 a
1191 278 1232 342 ts

112 445 157 508 lis
189 454 232 508 et,
251 443 418 508 fluminum
452 457 702 532 stagnorumque
724 445 824 520 ratio;
857 446 982 510 nebulis
1009 445 1146 510 adurunt
1177 457 1232 510 aut

114 544 294 610 aestuantia
314 545 516 631 refrigerant.
540 541 710 630 Opacitate
731 555 828 627 atque
850 546 942 610 etiam
965 546 1070 634 rigore
1090 546 1233 634 gaudent

112 667 200 728 quae
222 645 372 722 diximus,
394 668 497 729 quare
519 645 747 731 experimentis
768 656 897 731 optume
919 646 1066 710 creditur.

161 748 191 809 3.
224 744 256 807 A
284 745 372 810 caelo
399 760 589 831 proxumum
612 758 661 812 est
683 757 786 810 terrae
815 746 936 811 dixisse
963 747 1119 812 rationem
1146 746 1233 812 haud
1247 765 1279 810 at

112 845 258 912 faciliore
281 855 417 909 tractatu
424 869 449 921 3·
466 847 586 932 quippe
614 869 677 911 non
704 847 816 911 eadem
844 845 1012 911 arboribus
1034 848 1181 913 convenit
1202 858 1235 912 st

114 945 266 1032 frugibus
288 946 486 1031 plerumque,
508 971 569 1012 neo
590 948 676 1034 pulla
698 950 824 1032 qualem
845 947 941 1012 habet
962 946 1141 1032 Campania
1162 947 1233 1012 ubi·
1340 957 1343 961 ’

114 1069 182 1130 que
208 1058 340 1132 optuma
366 1047 495 1127 vitibus,
523 1059 578 1112 aut
603 1070 685 1132 quae
715 1049 819 1112 tenuis
846 1048 974 1135 exhalat
994 1048 1141 1126 nebulas,
1174 1069 1234 1112 nee

113 1147 248 1213 rubrica
268 1147 377 1211 multis
396 1148 534 1214 laudata.
557 1147 686 1214 Cretam
707 1149 741 1212 in
763 1148 952 1214 Albensium
967 1149 1233 1234 Pompeianorum

114 1271 199 1336 agro
231 1259 262 1312 et
295 1248 440 1336 argillam
469 1251 592 1314 cunctis
618 1250 660 1313 ad
689 1251 798 1343 Ἦρξε
826 1250 999 1335 generibus
1027 1258 1233 1333 anteponunt,
1339 1314 1342 1318 ,

115 1370 314 1433 quamquam
335 1350 553 1436 praepinguis,
581 1351 666 1434 quod
694 1351 851 1437 excipitur
872 1352 905 1414 in
927 1373 963 1417 co
984 1373 1112 1440 genere.
1145 1349 1234 1414 Invi-

116 1472 189 1514 cem
219 1449 364 1515 sabulum
392 1451 499 1516 album
522 1452 554 1514 in
576 1451 738 1516 Ticinensi
760 1452 931 1535 multisque
953 1452 986 1515 in
1007 1453 1086 1517 locis
1107 1451 1235 1535 nigrum
1304 1522 1306 1527 ,

115 1550 263 1634 itemque
277 1550 420 1629 rubrum,
443 1552 539 1616 etiam
553 1553 666 1640 pingui
683 1565 786 1617 terrae
801 1553 1005 1637 permixtum,
1028 1552 1236 1616 infecundum

116 1663 179 1716 est.
201 1652 404 1739 Argumenta
426 1675 553 1736 quoque
574 1654 782 1719 iudicantium
805 1676 900 1738 saepe
922 1654 1045 1717 fallunt.
1077 1652 1149 1718 Non
1172 1651 1235 1716 uti-
1250 1669 1282 1712 ss

114 1774 182 1835 que
204 1753 323 1817 laetum
345 1754 447 1818 solum
471 1765 531 1832 est,
555 1755 665 1838 inquo
680 1777 830 1838 procerae
853 1753 1118 1831 arbores'nitent,
1141 1776 1236 1840 prae·

116 1868 265 1936 terquam
285 1853 348 1918 illis
369 1854 545 1919 arboribus.
570 1852 659 1934 Quid
680 1856 763 1918 enim
785 1855 888 1920 abiete
902 1856 1086 1940 procerius?
1108 1867 1236 1936 atquae

116 1953 240 2019 vixisse
261 1954 362 2038 possit
383 1955 445 2018 alia
465 1956 499 2018 in
520 1956 590 2020 loco
612 1954 744 2020 eodem?
766 1953 835 2019 Nec
855 1956 1019 2019 luxuriosa
1032 1955 1151 2040 pabula
1164 1955 1237 2039 pin-

116 2056 194 2142 guis
218 2055 276 2119 soli
298 2078 426 2140 semper
447 2056 598 2120 indicium
621 2055 747 2120 habent.
769 2054 852 2118 Nam
875 2055 952 2139 quid
974 2048 1133 2120 laudatius
1154 2052 1238 2118 Ger-

117 2155 246 2224 maniae
267 2156 416 2243 pabulis?
443 2169 474 2222 et
503 2158 607 2221 statim
637 2156 746 2221 subest
767 2156 886 2220 harena
908 2157 1093 2221 tenuissimo
1115 2155 1238 2242 caespi-

119 2271 190 2321 tum
213 2258 309 2322 oori0.
332 2257 402 2323 Nec
425 2281 551 2342 semper
573 2279 693 2342 aquosa
717 2270 767 2323 est
788 2270 872 2322 terra
894 2258 945 2323 eui
967 2258 1144 2345 proceritas
1165 2257 1238 2322 her·
1252 2271 1284 2316 at

118 2359 246 2436 barum,
268 2382 342 2437 non,
365 2358 535 2446 Qs,
564 2360 667 2447 magis
687 2382 783 2443 quam
804 2359 933 2445 pinguis
955 2359 1132 2423 adhaerens
1154 2358 1239 2457 digi-

114 2460 177 2550 fig,
198 2460 285 2545 quod
306 2460 339 2523 in
362 2448 484 2549 argillis¹
502 2462 657 2548 arguitur.
681 2459 820 2526 Scrobes
840 2461 970 2544 quidem
983 2471 1111 2546 regesta
1132 2459 1240 2523 ineos

119 2561 212 2624 nulla
233 2560 369 2646 conplet,
397 2572 435 2626 ut
463 2562 564 2626 densa
592 2575 686 2646 atque
708 2584 781 2625 rara
802 2561 844 2625 ad
865 2561 951 2625 hunc
973 2563 1102 2625 modum
1125 2561 1240 2643 depre-

119 2661 220 2726 hendi
241 2663 355 2746 possit,
379 2663 526 2746 ferroque
549 2663 652 2727 omnis
672 2662 850 2759 Qllss‘im
873 2661 1012 2726 obducit.
1041 2660 1111 2725 Nec
1132 2659 1241 2747 gravis

119 2772 181 2827 ant
200 2762 303 2827 levior
323 2764 407 2829 iusto
429 2763 681 2849 deprehenditur
702 2762 858 2847 pondere3
889 2761 975 2847 quod
1004 2759 1087 2823 enim
1114 2758 1241 2845 pondus

121 2875 229 2928 terrae
261 2862 382 2928 iustum
413 2864 554 2953 intellegi
586 2864 713 2950 potest?
749 2861 862 2946 Neque
893 2860 1078 2928 fluminibus
1108 2859 1243 2944 adgesta
1254 2871 1287 2918 ²⁸

120 2987 253 3051 semper
283 2965 460 3044 laudabilis,
493 2966 621 3050 quando
654 2974 824 3030 senescunt
857 2976 926 3026 sata
956 2960 1114 3044 quaedam
1141 2981 1240 3044 πως

121 3065 183 3132 sed
212 3051 322 3148 neque'
343 3066 398 3130 illa
423 3089 506 3150 quae
534 3067 682 3131 laudatur
708 3066 765 3129 diu
789 3074 1015 3148 praeterquam
1040 3062 1128 3126 salici
1155 3060 1242 3126 utilis

10 3190 14 3202 ’
122 3163 270 3230 sentitur.
293 3166 381 3230 Inter
402 3177 592 3253 argumenta
614 3165 750 3251 stipulae
773 3164 951 3229 crassitudo
972 3174 1030 3241 est,
1054 3174 1144 3228 tanta
1161 3162 1240 3228 alio-

122 3266 181 3351 qui
202 3265 237 3330 in
257 3265 420 3332 Leborino
444 3265 641 3352 Campaniae
663 3265 761 3330 nobili
784 3287 894 3351 campo
916 3277 952 3330 ut
969 3265 1047 3352 ligni
1062 3266 1131 3331 vice
1145 3252 1240 3329 ulan·
1327 3309 1328 3314 η

158 3437 229 3499 524.
256 3438 330 3499 alunt,
343 3440 397 3489 Ian.
410 3442 554 3490 obsaaritt.
567 3442 593 3489 in
604 3441 669 3490 Plin.
683 3446 762 3489 natur.
776 3439 869 3503 histp.
885 3446 923 3490 16.
950 3441 1137 3499 aiunt‚DPad.
1165 3436 1241 3497 utiles,

122 3501 176 3570 βγ.
197 3545 227 3554 ..
245 3505 374 3567 admoveri,
389 3501 462 3557 Oad.
480 3507 612 3567 minatae,
624 3503 653 3567 β.
672 3547 703 3558 ..
725 3505 792 3568 salta,
804 3508 863 3556 DP.
881 3509 948 3568 satta,
960 3504 1053 3571 adssy.
1072 3548 1102 3555 ..
1127 3504 1242 3555 Similiter

123 3571 280 3636 etflumiaam
291 3583 472 3638 stagnorumque
484 3575 579 3635 nahaib,
592 3577 623 3624 T.
642 3615 672 3623 ..
691 3582 740 3635 aat,
753 3576 813 3625 adr.
832 3581 860 3634 et,
872 3570 901 3635 β.
920 3615 951 3624 ..
969 3574 1114 3637 refrigerant
1125 3572 1243 3634 opacitate
1342 3602 1354 3630 Α,

123 3648 207 3704 atque,
217 3637 245 3702 β.
263 3643 396 3693 Meliorem
408 3644 636 3706 interpunctionem
648 3644 708 3692 dant
720 3644 755 3690 ad
779 3679 785 3690 .
804 3683 835 3690 ..
854 3640 956 3690 dirimas
969 3649 1008 3703 16,
1023 3646 1162 3691 loa-los.

160 3706 230 3768 525.
248 3707 367 3773 factitari,
380 3712 403 3759 d.
422 3750 453 3759 ..
468 3709 545 3774 palla,
558 3713 582 3760 d.
598 3708 678 3773 plara,
690 3711 713 3758 a.
728 3656 814 3825 pisidia,
826 3712 859 3758 D.
877 3709 910 3758 V.
924 3712 938 3772 ξ
951 3716 991 3759 36.
1010 3749 1040 3757 -
1064 3708 1167 3767 rubrica,
1178 3708 1241 3756 Bar-

125 3776 181 3825 bar.
201 3775 298 3835 lubrica,
312 3777 385 3826 Tad.
405 3817 435 3826 ..
453 3777 628 3838 Albaqenaiam,
641 3794 660 3826 r.
680 3817 710 3825 -
753 3776 978 3839 ompeianoramqae‚
990 3791 1012 3824 a.
1030 3776 1068 3826 At
1078 3792 1102 3825 r.
1115 3783 1139 3836 8,
1151 3781 1192 3825 ts.
1210 3815 1241 3823 .-

126 3842 217 3900 amem,
233 3838 301 3894 Oad.
320 3843 419 3904 aream,
430 3841 459 3906 β.
479 3887 509 3895 ..
532 3844 666 3905 Ticiniensi,
679 3838 749 3893 Oa'd.

161 3915 230 3977 §2⁶-
253 3927 409 3976 proceraaa.
433 3953 464 3962 ...
490 3912 608 3971 alama.
632 3951 662 3960 ..
686 3910 811 3973 precarias,
824 3926 846 3958 a.
874 3950 896 3957 -
927 3917 954 3957 at
970 3926 1038 3973 qaae,
1054 3925 1141 3973 margo
1154 3909 1242 3958 Dalsc.

126 3987 172 4027 aut
183 3994 252 4042 qaae,
264 3974 360 4042 adssr.
379 4020 408 4028 ..
429 3978 506 4029 eodem
520 3979 576 4041 loco,
589 3982 612 4029 d.
632 4019 663 4027 ..
682 3985 705 4025 et
715 3976 803 4036 statim,
815 3977 869 4028 Da.
889 3984 911 4025 et
923 3978 1097 4039 temerantia,
1111 3974 1183 4040 ᾱβγ.

162 4046 231 4107 tet.
257 4044 436 4106 Herculeaad.
454 4046 566 4108 Hercule,
578 4042 607 4107 β.
628 4087 656 4094 -
676 4043 822 4107 reprebendi,
834 4061 857 4094 a.
879 4084 903 4093 -
926 4047 1030 4105 autad.
1048 4052 1126 4106 atque,
1139 4059 1157 4092 r.

162 4113 177 4175 ἐ
190 4120 232 4165 28·
249 4113 342 4176 Neque,
355 4117 398 4163 ad.
417 4113 478 4175 Nec,
489 4111 540 4180 βγ.
556 4156 585 4163 ..
603 4118 732 4171 amaseam,
745 4112 848 4162 Gesner.
861 4113 994 4161 chrestum.
1006 4127 1030 4175 p.
1042 4118 1098 4161 552.
1116 4116 1243 4168 aenaeam,

126 4177 221 4246 adssr.
240 4222 271 4231 -
295 4183 420 4243 aquaad.
439 4222 469 4230 -
493 4181 638 4242 εαὶἱοιζς,αᾱ.
660 4219 682 4226 -
708 4185 749 4239 eat,
763 4186 838 4240 tanta,
850 4194 872 4227 a.
896 4185 964 4227 tanta
974 4178 1081 4238 est,Td.
1101 4219 1130 4226 -
1154 4173 1246 4238 alioqui

127 4248 160 4309 ia,
173 4250 246 4300 Tad.
265 4240 422 4311 alacritati.
442 4247 590 4311 alioquinin,
602 4244 631 4309 β.
651 4287 680 4295 -
700 4245 826 4306 hamno,
843 4239 942 4296 Orac.
959 4243 1082 4305 Lebcrino,
1096 4262 1114 4294 r.
1141 4244 1206 4295 Cum
1219 4250 1244 4289 et
