2754 4726
357 308 426 354 arn.
443 309 517 356 xv1.
545 308 623 356 cur.
639 309 697 356 nu.
729 311 827 359 sncr.
843 313 926 357 icus.
1153 300 1192 362 55

78 478 212 540 cumque
238 458 397 541 aquatica,
424 459 604 524 lentissima
630 470 739 526 autem
759 472 791 526 et
811 462 885 528 ideo
912 463 1012 529 scutis
1039 465 1194 530 faciendis

76 558 239 645 aptissima
259 580 393 642 quorum
416 560 514 645 plaga
535 561 692 625 contrahit
713 585 748 627 se
761 564 907 649 protinus
922 565 1084 648 cluditque
1100 588 1194 631 suum
1222 623 1226 638 ,

75 662 188 726 volnus
210 671 242 724 et
264 660 305 725 ob
326 660 360 724 id
382 661 602 727 contumacius
625 664 810 728 transmittit
824 664 954 742 ferrum,
976 666 1010 730 in
1033 690 1097 752 quo
1120 677 1194 733 sunt

74 783 193 846 genere
213 761 278 838 fici,
301 762 393 839 salix,
416 763 495 840 tilia,
517 755 647 842 betulla,
677 766 860 843 sambucus,
888 766 1026 851 populus
1046 780 1193 852 utraque.

73 862 255 927 Levissima
281 885 323 927 ex
348 862 398 927 his
426 863 506 928 licus
528 874 561 929 et
582 865 663 929 salix
684 866 820 950 ideoque
849 866 1054 944 utilissimae;
1083 890 1193 933 omnes

74 972 179 1026 autem
206 962 248 1026 ad
277 963 375 1027 cistas
405 985 549 1048 quaeque
575 965 674 1030 flexili
700 979 787 1032 crate
817 978 964 1032 constent
971 994 980 1046 3
1013 968 1135 1033 habent
1162 981 1194 1034 et

73 1063 245 1128 candorem
265 1063 467 1150 rigoremque
489 1076 519 1129 et
539 1066 574 1129 in
595 1067 767 1152 sculpturis
781 1069 975 1133 facilitatem.
998 1068 1059 1133 Est
1073 1068 1194 1134 lentitia
1207 1088 1256 1130 am
1282 1101 1292 1109 ‘

73 1165 211 1248 platano,
235 1164 293 1228 sed
306 1165 444 1244 madida,
469 1165 553 1231 sicut
567 1167 656 1245 alno;
681 1168 794 1234 siccior
809 1169 920 1234 eadem
935 1171 1031 1248 ulmo,
1055 1171 1192 1250 fraxino,

62 1287 176 1341 moro,
205 1288 330 1344 ceraso,
359 1266 416 1329 sed
445 1267 662 1351 ponderosior.
706 1268 861 1356 Rigorem
886 1270 1058 1335 fortissime
1087 1284 1193 1336 servat

74 1367 187 1446 ulmus,
212 1366 253 1432 ob
275 1368 310 1431 id
332 1367 516 1432 cardinibus
531 1370 818 1453 crassamentisque
832 1381 997 1455 portarum
1012 1372 1192 1449 utilissima,

76 1467 222 1550 quoniam
243 1468 383 1532 minume
406 1480 582 1553 torquetur,
609 1471 822 1556 permutanda
849 1482 973 1536 tantum
1003 1474 1049 1537 sic
1075 1485 1113 1537 ut
1138 1497 1192 1538 ca-

76 1591 185 1635 cumen
208 1569 250 1634 ab
270 1570 419 1635 inferiore
440 1572 482 1635 sit
504 1571 643 1649 cardine,
673 1572 767 1636 radix
794 1573 949 1657 superior.
985 1573 1118 1638 Palmae
1145 1571 1251 1638 estalt

79 1671 174 1736 mollis
200 1680 234 1736 et
261 1670 387 1735 suberis
408 1671 571 1749 materies,
599 1673 723 1758 spissae
751 1683 784 1739 et
811 1675 914 1739 malus
941 1674 1105 1759 pirusque‚
1132 1698 1193 1741 nec

37 1795 40 1799 ·
80 1793 134 1836 non
154 1794 241 1851 acer,
265 1772 322 1836 sed
344 1773 470 1859 fragile,
493 1783 525 1837 et
545 1795 763 1858 quaecumque
778 1776 894 1860 crispa.
917 1776 957 1839 In
973 1776 1120 1843 omnibus
1136 1778 1190 1842 sil-

83 1873 189 1937 vestria
210 1885 243 1938 et
263 1873 405 1938 mascula
427 1873 638 1937 differentiam
659 1876 812 1958 cuiusque
840 1877 967 1963 generis
994 1887 1129 1961 augent3
1160 1889 1193 1940 et

84 1972 243 2039 infecunda
263 1975 404 2038 firmiora
424 1973 594 2051 fertilibus,
616 1973 679 2039 nisi
697 1996 760 2058 quo
774 1975 810 2038 in
824 1997 942 2060 genere
956 1998 1060 2039 mares
1074 1977 1190 2053 ferunt,

89 2073 157 2139 sicut
176 2097 350 2160 cupressus
372 2085 404 2138 et
427 2096 554 2139 cornus.

121 2179 164 2241 78.
187 2175 316 2242 Cariam
334 2185 588 2259 vetustatemque
610 2197 674 2240 non
696 2176 837 2240 sentiunt
858 2198 1042 2260 cupressus,
1065 2176 1189 2255 cedrus,
1204 2192 1253 2234 2¹2

90 2272 229 2356 hebenus,
257 2278 354 2354 lotos,
383 2276 505 2355 buxus,
533 2287 642 2355 taxus,
670 2277 854 2362 iuniperus,
884 2278 1034 2355 oleaster,
1064 2277 1189 2355 olea,e

90 2376 201 2461 reliquis
232 2378 411 2442 tardissime
437 2377 535 2456 larix,
565 2378 680 2456 robur,
710 2377 823 2454 suber,
854 2389 1018 2454 castanea,
1050 2378 1188 2463 iuglans.

89 2473 196 2542 Rimam
216 2480 428 2562 fissuramque
442 2501 507 2544 non
522 2478 607 2565 capit
621 2488 734 2564 sponte
750 2479 876 2557 cedrus,
901 2499 1083 2564 cupressus,
1106 2478 1187 2555 olea,

90 2574 201 2645 buxum.

90 2775 160 2842 λωτὸς
172 2781 260 2852 ὥσπερ
278 2785 292 2834 ὁ
311 2782 426 2852 φελλός,
443 2781 560 2848 βελτίων
578 2782 611 2834 δὲ
629 2784 679 2833 τοῦ
695 2781 812 2850 φελλοῦ,
831 2781 871 2833 ὅτι
887 2780 1030 2850 γλίσχρος,
1049 2782 1138 2831 ἐκεῖνο
1155 2782 1187 2832 δὲ

89 2845 216 2909 densata
243 2855 281 2904 At
293 2864 411 2919 corrupta
422 2862 480 2904 sunt
491 2855 569 2904 Plinii
580 2854 668 2914 verba,
687 2856 756 2917 quod
771 2861 797 2902 et
813 2854 930 2901 codicum
941 2853 1078 2914 scripturae
1091 2851 1189 2900 ethaeo

89 2917 138 2976 ipsa
150 2924 217 2971 rerba
233 2936 291 2971 cum
307 2923 468 2984 sequentibus
484 2923 586 2983 docent,
604 2922 672 2969 unde
688 2920 753 2970 nihil
770 2922 795 2969 h.
808 2922 825 2969 l.
839 2934 906 2969 ame
918 2919 971 2967 fieri
987 2918 1084 2980 potuit,
1102 2918 1149 2968 uisi
1161 2928 1190 2968 ut

90 2981 278 3038 illuenotarem.
302 2988 386 3051 palma
398 2997 439 3050 est,
452 2990 553 3039 TKud.
579 2987 728 3049 similant
754 2985 824 3047 milia,
838 2988 932 3036 TDld.
958 2982 1029 3044 mitis,
1045 2977 1094 3032 θα.
1119 2984 1189 3047 molli,

89 3049 121 3102 K
138 3055 257 3117 amberta,
270 3057 353 3106 TKd.
380 3056 563 3119 etsuperius,a.
590 3056 706 3117 mammes,
724 3057 778 3112 Td,
800 3069 877 3115 quam
895 3067 984 3100 vocem
1001 3053 1121 3102 omittunt
1136 3051 1189 3116 ass3

90 3117 166 3170 deinde
175 3125 228 3172 cod.
237 3139 253 3171 a
262 3125 339 3172 habet
349 3123 434 3186 sputu.
452 3125 495 3173 Ex
504 3125 545 3173 his
553 3124 666 3184 reliquiis
676 3136 750 3171 verae
761 3122 897 3182 scripturae
908 3120 940 3178 id,
952 3119 1000 3168 uisi
1008 3117 1091 3177 fallor,
1102 3123 1189 3185 colligi

89 3194 258 3251 potestvocem
267 3191 383 3250 materias,
389 3205 465 3253 quam
474 3207 490 3238 a
493 3186 515 3251 β
524 3206 576 3238 non
585 3196 733 3251 agnoscunt,
738 3187 844 3236 librariis
853 3188 936 3236 deberi
946 3194 970 3236 et
978 3188 1114 3250 legendum
1123 3205 1188 3240 esse:

88 3251 165 3304 Palma
179 3257 263 3306 similis
279 3266 314 3306 cst
330 3255 431 3316 abac,
449 3272 500 3318 qua
516 3258 542 3305 in
558 3257 702 3304 coniectura
717 3255 782 3303 illud
797 3269 870 3304 sumo
887 3257 990 3305 verbum
1002 3263 1036 3305 est
1047 3257 1074 3306 iu
1086 3260 1190 3322 vulgata

86 3322 194 3386 scipura
205 3335 288 3375 ortum
300 3341 354 3374 esse
366 3339 379 3373 e
391 3325 481 3373 litteris
492 3323 515 3371 si
526 3339 586 3373 casu
597 3324 625 3371 in
636 3330 658 3370 st
669 3323 782 3384 mutatis,
801 3324 950 3373 adjectivum
964 3324 1030 3372 enim
1042 3323 1125 3373 similis
1136 3341 1190 3376 non

85 3392 154 3442 modo
168 3408 210 3456 per
220 3396 271 3453 D2,
290 3395 334 3442 sed
351 3393 428 3442 etiam
443 3407 489 3455 per
504 3389 568 3439 mita
584 3392 610 3440 in
622 3391 711 3440 TD’d
723 3392 874 3453 agnoscitur.
898 3393 997 3441 Deinde
1009 3408 1025 3441 a
1035 3393 1143 3442 librariis
1157 3408 1190 3442 ex

84 3471 137 3508 vera
150 3461 254 3510 lectione
271 3467 305 3508 est
320 3459 416 3509 factum
432 3466 461 3520 et,
479 3461 519 3508 cui
535 3459 674 3523 particulae
686 3459 772 3508 nullus
783 3460 825 3508 hic
836 3460 921 3517 locum
940 3468 1068 3522 postremo
1081 3460 1189 3523 superius

80 3540 147 3578 mora
157 3536 192 3578 aa
202 3529 365 3591 interpolatio
378 3528 470 3576 codicis
481 3543 498 3576 a
508 3536 569 3577 nata
581 3542 614 3576 ex
624 3525 716 3590 sapato
727 3541 773 3589 pro
785 3525 877 3574 suberis
888 3528 990 3589 scripto.
1011 3567 1040 3574 -
1064 3534 1098 3586 ct,
1116 3528 1189 3576 omit·

81 3596 177 3646 wadum
187 3603 270 3645 ortum
281 3611 326 3660 per
336 3595 484 3644 adiecuvum
493 3595 584 3658 spiram
595 3603 708 3659 extrema
718 3594 755 3643 sui
765 3603 836 3658 parte
845 3595 912 3642 malo
921 3594 1054 3652 divulsum,
1062 3595 1099 3642 uti
1109 3596 1165 3642 cod.
1175 3611 1191 3643 a

80 3666 158 3722 docet,
169 3664 194 3712 in
206 3679 257 3726 quo
269 3663 348 3726 spisso
359 3670 449 3712 exstat.
467 3704 497 3711 -
509 3661 612 3727 sropile,
625 3665 685 3712 adr.
696 3660 811 3725 saratas,
823 3657 852 3722 β.
876 3663 913 3711 At
924 3662 967 3709 hic
980 3673 1082 3721 quoque
1096 3662 1190 3725 aliquid

78 3739 232 3794 conuptum,
250 3739 276 3780 et
286 3728 330 3778 scd
340 3728 367 3777 id
373 3727 470 3793 fragile
481 3731 689 3790 scribundumst
700 3743 744 3791 per
755 3744 897 3792 pronomen
909 3726 936 3775 id
946 3729 1022 3776 arbor
1033 3741 1089 3775 acer
1100 3731 1190 3779 discer-

75 3806 174 3850 mur-a
184 3800 253 3847 malo
263 3799 368 3861 piroque
379 3797 465 3861 spissis
474 3799 583 3861 quidem,
596 3800 640 3857 sed
649 3812 702 3847 non
711 3795 851 3858 fragilibus.
863 3835 893 3843 ..
906 3792 936 3843 In
948 3792 1053 3842 omuibus
1064 3795 1190 3856 silvestria,

74 3882 99 3916 r.
111 3865 240 3930 Theophr.
254 3867 272 3915 l.
285 3867 302 3913 l.
315 3865 348 3914 V.
361 3872 385 3926 4,
398 3870 420 3914 1.
439 3905 470 3914 ,
498 3864 669 3928 dffcrcntium,
686 3865 723 3912 ita
738 3879 786 3913 nos
803 3863 953 3925 scripsimus.
980 3859 1127 3925 differentia,
1145 3865 1190 3913 ad.

73 3932 230 4000 drffereutias,
242 3926 293 3996 βγ.
314 3971 345 3980 -
362 3931 432 3994 qaod,
445 3949 468 3982 a.
1290 3974 1296 3983 .

105 4000 192 4061 5212.
213 4000 398 4059 curassem.
418 3994 550 4060 buuumss.
569 4040 600 4047 ..
620 3998 736 4057 oleu,ad.
761 3991 917 4062 etalem&
937 4038 967 4046 ..
987 4013 1006 4056 e,
1019 3999 1052 4047 D.
1071 4005 1100 4056 et,
1113 4015 1135 4048 a.
1154 4015 1191 4060 er,

71 4063 145 4134 ᾶβγ.
165 4109 196 4116 -
217 4065 311 4129 reliqui,
323 4082 345 4116 a.
359 4080 395 4116 ε..
420 4082 472 4127 uou,
486 4070 522 4117 di.
541 4067 629 4116 Omitt.
645 4059 729 4115 Gadi.
751 4066 836 4115 ludex
847 4067 923 4115 huius
934 4066 1003 4114 libri:
1025 4063 1092 4122 Quae
1103 4065 1191 4114 curicus

71 4151 118 4186 m
128 4134 247 4196 seutiam,
264 4149 324 4196 quoe
335 4133 428 4182 dmum.
449 4150 479 4182 .⁴-
505 4133 626 4195 baxamo
644 4131 700 4194 (qui
719 4148 776 4183 cum
792 4128 815 4193 β
830 4133 897 4182 hanc
914 4147 1003 4181 vocem
1016 4135 1047 4182 ad
1060 4134 1191 4196 sequentia

70 4201 171 4265 refert).
195 4204 277 4263 bacas,
288 4203 363 4265 le‘·
