2754 4726
117 277 177 339 192
469 284 672 331 maroneum
694 282 888 329 msronmn

117 455 227 510 terras.
265 436 419 505 Chaldaei
453 435 622 519 Assyriam
653 443 685 498 et
718 431 927 515 Babyloniam
959 429 1234 496 demonstrabunt.

117 544 274 616 Africam,
308 537 502 622 Hispanias,
537 533 661 600 Gallias
689 532 773 598 sileri
802 554 866 597 non
893 531 953 596 erit
979 532 1094 595 mirum
1101 555 1110 608 ;
1139 554 1235 598 nemo
1248 549 1274 594 a]

117 644 202 709 enim
223 630 406 705 observavit
427 636 461 700 in
482 636 542 714 his,
566 635 622 719 qui
642 633 795 720 proderet
816 632 957 696 siderum
979 643 1116 697 exortus.
1160 633 1236 700 Non

118 759 222 808 tamen
244 737 366 803 difficili
387 736 508 801 ratione
529 736 758 821 dignoscentur
778 734 812 797 in
833 733 897 798 illis
918 754 1045 817 quoque
1068 733 1162 799 terris
1184 736 1235 800 di-

117 843 263 932 gestione
292 838 481 905 circulorum
510 859 607 920 quam
632 835 666 899 in
694 843 784 899 sexto
809 833 968 899 volumine
994 833 1144 913 fecimus,
1171 858 1236 920 qua

117 941 265 1030 cognatio
293 937 388 1014 caeli,
420 958 485 1001 non
512 936 657 1020 gentium
684 933 795 1013 modo,
824 956 936 999 verum
957 932 1086 999 urbium
1107 957 1235 1021 quoque

118 1041 315 1132 singularum
335 1036 541 1124 intellegitur.
578 1035 669 1122 Ergo
691 1057 732 1100 ex
752 1034 803 1099 his
831 1033 924 1099 terris
950 1055 1030 1117 quas
1057 1037 1233 1102 nominavi-
1248 1053 1274 1098 m

117 1166 189 1208 mus
211 1149 339 1225 sumpta
357 1136 559 1203 convexitate
586 1135 697 1201 circuli
723 1133 912 1221 pertinentis
934 1135 975 1198 ad
995 1156 1077 1218 quas
1098 1137 1235 1221 quisque

117 1252 249 1329 quaeret
269 1251 387 1317 terras,
409 1237 506 1301 iidem
526 1246 618 1301 erunt
638 1235 779 1301 siderum
797 1245 928 1301 exortus
942 1257 1001 1321 per
1014 1237 1156 1301 omnium
1171 1237 1234 1301 cir-

119 1346 263 1411 culorum
295 1339 384 1426 paris
423 1336 563 1402 umbras.
596 1336 807 1401 Indicandum
840 1345 871 1401 ct
901 1335 997 1415 illud,
1031 1347 1236 1422 tempestates

116 1447 204 1532 ipsas
232 1440 377 1507 cardines
406 1461 480 1503 suos
507 1437 625 1503 habere
651 1435 816 1530 quadrinis
843 1436 934 1501 annis
966 1445 999 1501 et
1020 1436 1150 1503 easdem
1170 1461 1235 1504 non

117 1565 235 1632 magna
256 1539 435 1606 differentia
455 1539 573 1604 reverti
600 1538 722 1603 ratione
745 1537 836 1614 solis,
866 1537 989 1602 octonis
1018 1560 1094 1602 vero
1121 1540 1235 1627 augeri

117 1645 263 1720 easdem,
291 1640 465 1706 centesima
485 1639 669 1705 revolvente
691 1660 726 1702 se
747 1640 832 1703 luna.

159 1747 211 1810 58.
234 1741 350 1808 Omnis
372 1751 479 1805 autem
500 1739 583 1804 ratio
605 1738 774 1804 observata
796 1748 844 1803 est
866 1739 968 1804 tribus
985 1738 1098 1818 modis,
1121 1753 1274 1808 exortum

117 1845 258 1911 siderum
278 1863 458 1925 occasuque
473 1851 505 1905 et
518 1840 663 1925 ipsorum
677 1850 857 1925 temporum
874 1839 1068 1907 cardinibus.
1089 1840 1234 1906 Exortus

118 1966 313 2029 occasusque
334 1942 421 2008 binis
442 1941 545 2007 modis
561 1941 798 2027 intelleguntur.
820 1940 891 2005 Aut
904 1941 989 2007 enim
1004 1940 1145 2006 adventu
1159 1942 1235 2008 solis

117 2048 315 2113 occultantur
337 2042 446 2110 stellae
468 2054 500 2108 et
515 2043 655 2128 conspici
670 2041 830 2118 desinunt,
852 2052 909 2107 aut
923 2041 1066 2107 eiusdem
1082 2042 1235 2109 abscessu

117 2147 285 2231 proferunt
311 2166 363 2221 se;
396 2198 437 2206 ..
470 2164 628 2208 emersum
652 2143 714 2207 hoc
734 2141 850 2207 melius
871 2164 968 2226 quam
989 2155 1135 2208 exortum
1157 2168 1233 2210 con-

119 2245 253 2311 suetudo
275 2243 420 2321 dixisset,
442 2253 475 2309 et
487 2243 567 2307 illud
581 2243 824 2308 occultationem
838 2244 945 2328 potius
959 2265 1055 2328 quam
1069 2253 1233 2322 occasum3

118 2400 159 2410 ..
174 2345 236 2410 alio
251 2345 355 2422 modo,
377 2364 441 2428 quo
455 2343 509 2408 die
522 2343 681 2430 incipiunt
695 2343 849 2429 adparere
863 2344 915 2409 vel
929 2345 1094 2425 desinunt,¹
1112 2346 1274 2412 orientem

119 2447 184 2512 sole
206 2454 260 2510 aut
281 2443 457 2538 occidente,
485 2443 633 2508 matutini
655 2445 870 2530 vespertinive
892 2446 1116 2531 cognominati,
1139 2454 1236 2532 prout

119 2546 270 2611 alteruter
297 2567 408 2610 eorum
434 2567 527 2611 mane
554 2546 606 2611 vel
635 2546 822 2631 crepusculo
849 2545 1013 2631 contingit.
1049 2546 1235 2613 Dodrantes

118 2646 267 2711 horarum
290 2669 362 2712 cum
383 2645 561 2711 minumum
588 2646 756 2711 intervalla
782 2667 820 2710 ea
847 2645 1027 2710 desiderant
1055 2658 1129 2711 ante
1158 2647 1235 2713 solis

118 2758 223 2812 ortum
244 2748 296 2811 vel
316 2757 392 2832 post
413 2768 577 2824 occasum,
605 2756 641 2810 ut
667 2745 790 2832 adspiei
817 2747 949 2831 possint.
985 2746 1158 2813 Praeterea
1184 2748 1235 2814 bis

119 2848 276 2931 quaedam
298 2846 482 2913 exoriuntur
503 2859 535 2913 et
556 2846 715 2924 occidunt,
738 2846 903 2930 omnisque
926 2870 1028 2912 senno
1050 2848 1090 2913 de
1112 2848 1163 2913 his
1185 2859 1236 2914 est

119 2948 218 3014 stellis
238 2970 318 3032 quas
340 2948 514 3014 adhaerere
536 2948 623 3013 caelo
644 2947 793 3012 diximus.

162 3049 212 3114 59.
237 3045 345 3114 Cardo
366 3058 544 3135 temporum
559 3047 791 3133 quadripertita
805 3047 880 3111 anni
895 3047 1094 3114 distinctione
1109 3058 1236 3114 constat
1248 3062 1274 3108 22

156 3215 300 3266 Οὶιαῑᾶαἱεαε
309 3218 400 3282 umam,
413 3236 436 3270 a.

154 3287 169 3348 ξ
182 3291 239 3334 216.
257 3285 410 3346 Hupantam,
422 3304 441 3335 r.
461 3328 492 3335 ..
514 3286 630 3347 Gallicae,
642 3305 664 3337 a.
683 3329 713 3337 ..
733 3287 872 3348 observabit,
885 3305 907 3338 a.
921 3328 951 3336 ..
970 3286 1014 3348 tis,
1027 3305 1049 3337 a.
1068 3288 1105 3349 iu,
1118 3284 1189 3352 ᾶβγ.
1204 3330 1234 3338 -

117 3349 230 3415 proderet
240 3349 406 3408 siderum,ad.
429 3352 531 3401 siderum
541 3353 661 3415 proderet,
673 3351 724 3419 βγ.
742 3395 773 3404 ..
797 3353 954 3415 desumeretur,
967 3371 989 3405 a.
1009 3396 1038 3404 ..
1057 3354 1198 3420 &predone
1211 3373 1235 3405 a.

122 3459 152 3468 ..
166 3434 245 3482 quum,
258 3420 282 3466 d.
300 3418 364 3480 quio,
375 3434 399 3466 a.
419 3458 449 3466 -
468 3430 523 3480 qua,
536 3421 580 3468 ad.
599 3418 717 3481 quonium,
729 3437 747 3469 r.
768 3461 798 3470 ..
816 3422 923 3485 aequitio,
935 3439 954 3471 r.

155 3488 240 3550 5217.
257 3483 333 3548 Erpa,
346 3485 418 3535 Tad.
436 3492 500 3545 nota,
511 3481 562 3549 βγ.
574 3526 606 3534 -
625 3494 729 3547 quaeret,
741 3488 793 3537 Td.
812 3497 914 3550 quercet,
927 3506 950 3538 a.
964 3530 994 3538 ..
1013 3488 1082 3536 iidem
1094 3494 1169 3549 eruut,
1182 3491 1235 3540 Td.

121 3552 157 3603 ad
167 3568 255 3613 earum,
268 3569 291 3601 a.
319 3559 341 3599 et
352 3550 387 3600 ad
397 3567 485 3611 eorum,
501 3546 551 3615 βγ,
569 3593 601 3600 -
624 3551 733 3601 cardines
744 3571 804 3616 suos,
821 3557 889 3605 Pint.
900 3558 1022 3619 probante
1034 3556 1190 3606 Schneidero
1203 3560 1235 3607 ad

122 3621 258 3673 Columell.
271 3618 320 3668 III.
334 3620 357 3678 7,
370 3625 394 3668 4.
412 3619 510 3666 arbores
520 3635 582 3680 auos,
594 3635 616 3668 a.
634 3621 731 3668 arbores
741 3637 805 3681 suas,
817 3625 841 3672 d.
860 3622 959 3671 ardores
969 3639 1030 3682 uuor,
1041 3618 1091 3686 βγ.

156 3691 171 3752 ᾖ
183 3693 241 3738 218.
258 3685 345 3746 aratio,
358 3703 381 3736 a.
401 3726 428 3734 -
448 3700 473 3733 ce
485 3684 643 3748 iulemereum,
656 3702 678 3736 a.
696 3704 721 3736 re
733 3687 757 3735 iu
769 3705 888 3751 emersum,
900 3691 953 3740 Td.

156 3753 241 3814 §ma
267 3751 437 3808 aliaBarbar.
463 3752 518 3815 ullo,
531 3756 573 3803 ad.
597 3795 629 3803 ..
655 3771 705 3803 cum
718 3754 764 3816 die,
779 3757 846 3806 Pint.
866 3796 896 3805 -
923 3755 1043 3816 alteruter,
1060 3757 1091 3805 T.
1118 3756 1235 3819 alterutri,

122 3824 186 3886 adr.
205 3820 332 3880 alterutris,
343 3815 373 3882 β.
390 3863 421 3870 -
441 3821 543 3885 curabit,
556 3839 578 3872 a.
597 3862 627 3870 ..
647 3821 809 3883 desiderata.

155 3893 240 3952 §wa
264 3887 444 3952 quadripertita,
457 3905 479 3939 a.
507 3888 692 3953 quadripartita,
709 3885 780 3954 dssy.
800 3931 830 3939 ..
858 3899 881 3939 et
896 3899 1019 3953 aequatur,
1032 3906 1054 3939 a.
1080 3899 1235 3954 exaequatur,

122 3955 225 4005 Τὼ-
250 3953 339 4016 diebus,
356 3972 379 4005 a.
406 3963 427 4004 et
443 3957 468 4004 iu
484 3955 572 4017 diebus,
589 3958 641 4007 Td.
660 3999 690 4006 -
715 3955 775 4017 dein,
792 3960 835 4007 ad.
863 3956 957 4017 deinde,
974 3954 1026 4021 βγ.
1044 3999 1075 4006 ..
1096 3967 1173 4019 noem,
1190 3963 1234 4010 ad.

122 4061 151 4071 ..
176 4020 298 4083 xclffl,
314 4026 357 4073 ad.
388 4021 494 4087 XOHI,
511 4019 540 4084 β
566 4023 658 4084 XCV,
674 4038 699 4088 γ.
724 4066 755 4074 -
782 4023 906 4086 diebusque
923 4022 1006 4075 XOII
1020 4024 1083 4072 boris
1100 4024 1235 4089 duodecim

121 4089 184 4138 haec
199 4090 277 4140 verba
292 4092 318 4139 in
331 4092 446 4141 omnibns
458 4094 529 4142 codd.
542 4099 567 4141 et
577 4087 599 4153 β
610 4094 703 4141 omissa
713 4108 761 4141 nos
774 4093 923 4142 inseruimus
936 4109 968 4142 ex
980 4095 1125 4142 coniectura
1136 4095 1235 4143 Patavii

93 4197 96 4200 .
121 4158 253 4220 uranolog.
267 4163 290 4218 2,
304 4164 326 4208 5.
344 4174 369 4222 p.
382 4165 435 4220 44,
452 4160 607 4210 Pontederae
624 4160 750 4222 antiquitt.
766 4175 791 4223 p.
805 4165 862 4210 ³83.
880 4169 905 4208 et
922 4159 1068 4210 Schneideri
1085 4163 1117 4210 ad
1134 4162 1235 4211 Pallad.

121 4236 146 4285 p.
160 4229 213 4284 64,,
236 4240 294 4275 cum
309 4227 426 4276 lacunam
444 4228 471 4277 in
488 4229 527 4277 his
544 4228 626 4276 verbis
642 4228 723 4276 inesse
740 4228 806 4276 clare
822 4236 941 4290 appareat
957 4229 1048 4290 hicque
1065 4243 1186 4280 numerus
1203 4244 1235 4278 ex
