2754 4726
470 282 539 328 ura.
556 283 631 329 xrx.
661 283 739 330 cnr.
756 285 778 330 1.
808 282 905 331 auor.
921 285 939 326 2.
1202 268 1265 335 ast

141 453 215 499 uem
241 428 356 509 habet3
390 432 569 502 nervositas
600 432 654 500 filo
688 432 850 517 aequalior
883 456 985 519 paene
1018 455 1115 518 quarn
1142 436 1268 503 araneis

142 531 358 615 tinnitusque,
387 554 460 598 oum
488 532 583 602 deute
613 533 712 600 libeat
734 534 889 619 experiri3
923 535 996 601 ideo
1022 536 1144 621 duplex
1171 557 1269 620 quam

141 632 428 718 ceteris-pretium.
455 632 521 700 Sed
535 634 697 721 Hispania
719 634 849 701 citerior
869 634 967 701 habet
989 635 1191 720 splendorem
1211 635 1268 703 lini
1283 655 1314 700 ιο

94 788 104 801 ,
141 733 351 819 praecipuum
373 735 532 813 torrentis,
554 735 674 820 inquo
695 736 815 822 politur
837 745 963 815 natura,
985 738 1040 820 qui
1062 736 1165 803 adluit
1185 737 1268 807 Tar-

140 856 300 901 raconem.
324 832 371 898 Et
394 835 533 901 tenuitas
554 836 710 903 mirabilis
731 835 777 901 ibi
799 835 939 921 primum
955 836 1098 903 carbasis
1115 838 1267 924 repertu

141 958 216 1001 nam
242 934 367 1001 dudum
394 958 435 1002 ex
461 937 573 1005 eadem
594 936 757 1023 Hispania
778 935 943 1003 Zoelicum
970 938 1058 1002 venit
1085 938 1119 1003 in
1140 937 1279 1005 Italiam·

141 1037 248 1126 plagis
269 1037 493 1117 utilissimum
528 1038 641 1105 civitas
673 1061 711 1105 eu
734 1036 915 1105 Callaeciae
939 1049 971 1103 et
992 1060 1112 1105 oceano
1134 1039 1268 1127 propin·

144 1160 218 1222 qua.
243 1137 305 1205 Est
326 1160 385 1203 sua
406 1138 510 1226 gloria
531 1149 567 1205 et.
587 1138 736 1207 Cumano
756 1140 791 1205 in
815 1136 994 1226 Campania
1014 1139 1057 1204 ad
1077 1140 1215 1226 piscium
1237 1151 1271 1206 et

142 1240 254 1307 alitum
275 1250 423 1325 capturas
429 1264 438 1317 3
467 1240 580 1306 eadem
601 1250 634 1309 et
660 1240 766 1329 plagis
788 1241 929 1311 materia.
964 1240 1079 1326 Neque
1097 1240 1186 1309 enim
1206 1240 1312 1307 mi-11

143 1362 240 1406 nores
271 1340 395 1406 cunetis
427 1340 617 1407 animalibus
649 1340 785 1406 insidias
818 1363 914 1424 quam
940 1341 1179 1427 nobismetipsis
1203 1340 1269 1409 lino

144 1440 319 1519 tendimus3
343 1441 401 1507 sed
423 1440 590 1507 Cumanae
612 1441 728 1528 plagae
750 1441 922 1507 concidunt
941 1464 1051 1528 apros,
1081 1452 1188 1513 suetas
1209 1463 1270 1509 ceu

62 1626 65 1631 Ι
143 1541 305 1628 perferri
326 1542 430 1609 aciem
450 1542 594 1621 vineunt,
617 1542 820 1626 vidimusque
841 1541 906 1609 iam
929 1551 1037 1611 tantae
1052 1542 1217 1613 tenuitatis
1234 1552 1271 1611 ut

144 1642 275 1708 anulum
294 1641 433 1708 hominis
455 1666 529 1710 cum
549 1643 724 1729 epidromis
742 1643 925 1719 transirent,
945 1665 1009 1709 unc
1023 1653 1172 1729 portante
1186 1643 1270 1715 mul-

145 1743 314 1809 titudinem
334 1765 400 1830 qua
422 1744 522 1810 saltus
536 1744 751 1830 cingerentur,
774 1799 814 1808 ...
830 1766 892 1817 nee
913 1744 948 1809 id
968 1766 1118 1810 maxume
1139 1744 1269 1823 mirum

145 1844 202 1910 sed
224 1843 352 1930 singula
371 1866 482 1911 earum
497 1844 635 1911 stamina
654 1854 790 1910 centeno
804 1845 1032 1932 quinquageno
1046 1845 1100 1911 filo
1114 1855 1271 1923 constare,

146 2000 186 2008 ..
209 1943 293 2010 siout
319 1946 418 2030 paulo
444 1957 517 2012 anta
539 1945 623 2013 Iulio
645 1945 742 2030 Lupo
770 1945 825 2028 qni
846 1946 881 2009 in
901 1945 1105 2030 praefectura
1123 1943 1272 2031 Aegypti

145 2044 235 2112 obiit
270 2045 434 2118 Mirantur
462 2046 523 2112 hoe
551 2046 738 2134 ignorantes
763 2044 798 2109 in
818 2043 980 2131 Aegyptii
1003 2044 1164 2129 quondam
1186 2043 1317 2130 registr

146 2168 243 2229 quem
267 2147 418 2213 Amasim
446 2157 560 2215 vocant
589 2146 720 2215 thorace
751 2146 785 2212 in
809 2145 1009 2218 Rhodiorum
1037 2146 1143 2211 insula
1171 2142 1272 2214 Lindi

146 2247 181 2312 in
202 2248 322 2332 templo
342 2247 526 2328 Illinervae,
549 2268 676 2315 ccenxv
697 2247 760 2315 filis
783 2247 909 2335 singula
929 2247 983 2315 fila
1005 2257 1163 2324 constare,
1185 2243 1272 2330 quod

147 2370 182 2415 se
204 2347 389 2432 nuperrime
410 2359 579 2436 expertum
600 2349 709 2435 prodit
729 2348 903 2415 Mucianus
925 2360 973 2414 ter
994 2348 1117 2426 consul,
1142 2367 1272 2432 parvas·

146 2468 210 2532 que
238 2448 304 2513 iam
328 2449 482 2534 reliquias
512 2450 580 2521 eiua
608 2470 778 2535 superesse
807 2448 867 2519 hae
888 2448 1124 2534 experientium
1143 2445 1271 2511 iniuria.

146 2548 242 2613 Italia
262 2559 295 2613 et
316 2549 461 2638 Pelignis
482 2551 658 2621 etiamnum
678 2549 753 2616 linis
774 2549 927 2619 honorem
950 2549 1064 2626 habet,
1092 2547 1149 2613 sed
1175 2545 1317 2615 fullo-1³

146 2671 224 2715 num
246 2659 371 2717 tantum
391 2652 424 2717 iu
446 2675 525 2729 usu3
551 2651 674 2721 nullum
702 2660 751 2716 est
777 2649 943 2719 candidius
969 2649 1102 2717 lanaeve
1123 2645 1270 2724 similius,

146 2801 273 2865 mirabilis,
284 2805 382 2869 Appul.
406 2804 476 2868 mira,
489 2801 601 2871 aodstr.
624 2821 721 2870 mapsa,
733 2821 753 2855 r.
772 2845 804 2854 ..
822 2803 952 2866 carbaseis,
964 2804 1061 2868 Appul.
1080 2843 1111 2852 ..
1131 2806 1233 2863 reperta,
1245 2802 1269 2851 d

149 2911 179 2919 -
202 2887 266 2933 nam,
283 2873 337 2922 Ka.
363 2869 556 2938 non‚'1¹edssr.
583 2875 616 2924 V.
633 2874 718 2924 Hand.
736 2873 846 2923 Tursell.
860 2879 963 2935 μοὶ,
981 2873 1024 2935 qui
1039 2879 1084 2920 aut
1101 2870 1271 2919 lectionema

147 2939 220 2989 nobis
232 2947 360 3003 receptam
371 2941 554 2991 restituendam
565 2951 610 2992 aut
622 2940 671 2989 iam
683 2937 771 2991 dudam
783 2941 942 2991 scribendum
952 2952 1008 2990 csse
1017 2944 1109 2989 censat.
1123 2977 1154 2985 ..
1175 2930 1270 2984 Callae-

147 3004 206 3066 ciae,
218 3021 241 3054 v.
254 3009 286 3057 ad
298 3013 340 3069 86,
353 3014 393 3058 26.
416 3006 541 3068 Callitiae,
557 3000 647 3059 Used.
668 3005 867 3064 Callinicum.
889 3004 1037 3067 Callaeciae,
1045 3019 1071 3070 γ.
1085 3044 1115 3058 .-
1131 3001 1271 3067 propinqua

147 3080 188 3121 est.
207 3071 269 3134 Sua,
281 3091 300 3123 r.
320 3115 351 3123 ..
370 3073 411 3133 ad,
423 3078 467 3125 ad.
486 3082 535 3137 aut,
549 3091 570 3125 o.
591 3117 620 3125 -
639 3083 761 3140 capturas,
777 3066 876 3124 θΤοά.
894 3080 1027 3136 capraram,
1039 3067 1111 3135 ufir.

179 3141 248 3204 §lt
275 3140 385 3203 maiores,
397 3159 416 3192 r.
440 3182 472 3191 -
500 3159 602 3205 quaec.
624 3183 656 3192 ..
680 3139 769 3191 esdad
782 3137 902 3191 Cumanas
934 3137 1004 3204 lapus
1020 3135 1146 3189 mneidunt
1160 3135 1269 3203 aprili.

146 3248 176 3257 ..
196 3214 280 3257 rasus
289 3224 330 3257 ceu
338 3208 465 3272 perferri,
478 3210 514 3261 ita
524 3225 573 3261 nos
585 3208 738 3273 scripsimus.
756 3214 824 3256 aetas
834 3222 876 3256 eeu
883 3197 1001 3276 sssserri,
1010 3209 1044 3257 D.
1062 3213 1131 3255 aetas
1139 3204 1270 3268 eeaefsrri,

146 3290 166 3323 c.
185 3281 208 3322 et
219 3281 288 3323 aetas
300 3275 432 3338 oeueserri,
444 3293 467 3327 a.
489 3284 513 3324 et
523 3273 685 3339 aweveseni,
697 3275 751 3325 Tu
774 3273 803 3322 lte
814 3281 838 3323 et
848 3290 912 3338 aspi,
923 3273 969 3327 Nl.
987 3272 1039 3323 atie
1050 3288 1117 3323 casse
1127 3289 1168 3323 sue
1179 3271 1263 3339 asperi

145 3342 190 3391 Nl.
213 3349 236 3389 et
247 3340 273 3391 li
283 3357 362 3391 raaces
365 3343 442 3407 seni,
454 3345 487 3394 Κ.
515 3351 538 3392 et
554 3342 600 3392 loe
616 3336 843 3405 cassesveseniss.
871 3310 1270 3404 etlicaasesvalferri,Ulitad

146 3408 217 3459 Crat.
230 3425 319 3473 cyneg.
332 3416 383 3472 35,
394 3411 473 3461 Hero.
486 3419 512 3463 et
522 3424 548 3474 r.
568 3450 599 3459 ..
617 3407 763 3470 mundarunt,
775 3411 808 3461 Κ.
826 3449 858 3460 ...
877 3425 929 3475 que,
941 3412 1005 3461 aad.
1022 3450 1055 3460 ..
1072 3405 1152 3458 sedin
1163 3405 1269 3473 napata,

145 3478 188 3526 ad.
206 3491 232 3524 se
243 3475 268 3525 in
279 3474 382 3543 einpula,
394 3493 416 3526 o.

179 3545 194 3607 ᾗ
208 3548 247 3593 ta.
266 3542 374 3609 thorace,
386 3551 445 3608 post
456 3545 482 3593 h.
495 3558 518 3592 r.
530 3544 654 3594 excidisse
665 3552 729 3608 puto
735 3543 821 3607 posita
833 3559 892 3601 curu
901 3545 997 3609 Appul.
1007 3544 1139 3595 lcoudcne
1147 3556 1209 3593 sans
1217 3541 1268 3593 els-

144 3611 215 3674 ganti
232 3611 324 3662 dixerit
341 3627 407 3675 quem
425 3610 553 3661 Minervae
566 3609 655 3674 posuit,
672 3613 740 3675 quod
755 3613 860 3661 verbum
876 3612 971 3676 pariter
987 3612 1024 3662 ita
1033 3611 1128 3675 legitur
1140 3614 1183 3670 85,
1198 3614 1223 3658 4.
1239 3649 1265 3658 -

144 3674 230 3740 Lindi,
241 3679 362 3738 iturine,
374 3693 438 3742 quae
450 3679 595 3728 nomenata
605 3679 706 3742 egregie
717 3679 880 3730 confirmatur
888 3693 933 3743 par
940 3678 1106 3743 Appuleium,
1116 3676 1160 3742 qui
1171 3683 1269 3727 mnata

144 3747 332 3797 consuuotione
343 3745 437 3795 Lindos
447 3746 533 3797 hebet.
553 3743 624 3807 tendi,
636 3747 729 3797 Taed.
747 3742 846 3808 mundi,
857 3740 908 3811 βγ.
922 3786 954 3796 ..
973 3743 1081 3794 mesti
1092 3742 1150 3795 LX
1154 3742 1179 3794 1⁷
1180 3737 1201 3814 l,
1213 3745 1268 3807 Ap-

145 3829 197 3893 puL
218 3825 344 3892 CCCLX,
356 3831 433 3881 Voss.
446 3828 543 3894 mythol.
554 3827 642 3893 Briese
654 3837 678 3891 8,
690 3834 747 3881 297.
760 3845 793 3880 ex
804 3829 940 3881 Herodoto
952 3836 977 3891 3,
988 3832 1028 3881 47.
1047 3821 1105 3895 ἔχει
1116 3822 1269 3892 ἁρπεδόνας

144 3894 175 3945 ἐν
187 3893 281 3963 iada-p*
289 3893 446 3963 τριηκοσίας
460 3891 506 3947 sal
518 3892 660 3963 ἑξήκοντα.
685 3939 716 3947 -
744 3912 769 3945 se
786 3895 920 3959 amnnme
932 3903 1061 3961 expertum
1072 3895 1171 3960 Appul.
1186 3892 1268 3958 per‘re

143 3962 273 4028 exemplare
285 3980 360 4028 nuper
370 3963 471 4026 Manae,
483 3981 507 4016 a.
525 3981 550 4013 se
561 3962 691 4028 aremplam
703 3979 777 4028 nuper
788 3962 889 4025 Romae,
903 3979 924 4015 a.
938 3979 985 4027 per
993 3960 1122 4025 exemplum
1132 3977 1206 4024 nuper
1215 3958 1267 4010 Ro·

143 4046 204 4092 rnoe,
218 4025 263 4082 Cr.
290 4031 419 4096 exemplam
431 4047 505 4095 nuper
516 4031 617 4093 Romae,
629 4033 684 4083 Τὰ
711 4029 841 4094 exemplum
855 4046 901 4094 per
912 4046 938 4080 se
949 4030 1069 4094 expuam
1081 4043 1155 4092 nuper
1166 4027 1266 4087 Romae,

144 4099 177 4148 K.
195 4115 219 4146 aa
232 4106 350 4163 aspertum
363 4115 437 4163 nuper
448 4098 548 4160 mnae,
560 4094 611 4162 βγ.
631 4139 662 4151 .,
678 4097 768 4162 prodit,
779 4099 876 4162 Appul.
890 4095 1010 4161 prodidit,
1021 4090 1133 4160 aedssr.

145 4229 163 4279 Γ
178 4167 261 4283 5¹st
273 4166 354 4283 eralK.
375 4207 405 4216 ..
424 4164 541 4230 Peliacis,
557 4159 639 4216 daed
652 4163 775 4231 (Appul.)
792 4164 920 4230 Pelipinis,
931 4159 961 4226 β.
980 4205 1011 4216 ...
1036 4161 1100 4225 lisia,
1111 4165 1156 4214 od.
1180 4160 1232 4220 liri,
1244 4175 1267 4209 a.

154 4248 239 4312 snas„
263 4249 315 4298 ppu
327 4269 332 4282 .
