2754 4726
165 286 226 351 lbb
446 268 458 285 ”
516 296 721 348 sarunams
743 295 938 346 mesonma

164 450 321 517 Thraciae
350 450 495 528 Aenum,
523 449 611 534 quod
639 449 884 538 quadragesimo
911 448 963 512 die
990 466 1087 532 quam
1109 458 1214 512 satum
1236 460 1287 513 est

164 552 365 647 maturescit,
393 551 573 634 mirumque
600 551 678 618 nulli
703 551 865 615 hufflatta
891 549 967 634 plus
988 570 1058 614 esse
1080 546 1231 632 ponderis
1254 560 1288 614 et

165 653 344 719 hufuribus
366 673 493 730 carere3
515 652 618 717 utitur
639 674 677 717 eo
699 662 731 716 et
754 649 865 717 Sicilia
887 661 920 716 et
940 649 1080 727 Achaia,
1108 650 1287 715 montuosis

164 767 301 840 utraque
327 753 490 839 partibus,
519 751 655 818 Euboea
676 774 803 837 quoque
828 753 913 817 circa
936 743 1110 835 C'arystum
1117 773 1127 826 3
1155 751 1189 814 in
1214 761 1286 814 tan-

166 868 234 921 tum
259 856 380 921 fallitur
408 851 584 919 Columella
615 852 671 938 qui
696 875 737 917 ne
766 852 936 916 trimestris
963 851 1093 934 quidem
1121 851 1286 937 proprium

163 979 268 1045 genua
289 954 530 1022 existumaverit
552 975 640 1032 esse,
663 975 736 1019 cum
758 953 799 1017 sit
818 951 1041 1037 antiquissimi.
1065 949 1185 1016 Graeci
1200 966 1286 1018 seta-

119 1053 126 1064 ’
164 1058 240 1122 nion
261 1067 387 1122 vocant.
418 1055 567 1120 Tradunt
590 1054 625 1118 in
645 1053 773 1119 Bactris
800 1075 903 1140 grana
925 1063 1032 1118 tantae
1052 1053 1286 1142 magnitudinis

162 1159 233 1224 fieri
253 1168 291 1224 ut
312 1158 441 1246 singula
462 1157 568 1242 spicas
589 1163 716 1221 nostras
737 1165 882 1240 aequent

208 1260 259 1325 13.
291 1258 436 1324 Primum
458 1280 500 1323 ex
521 1256 670 1322 omnibus
692 1255 862 1321 frumentis
884 1255 999 1320 seritur
1018 1255 1184 1322 hordeum.
1214 1255 1285 1322 Da·
1301 1270 1331 1317 tr

38 1382 41 1387 ·
110 1422 113 1427 ,
164 1359 271 1425 bimus
293 1370 326 1426 et
348 1360 417 1424 dies
439 1358 574 1423 serendo
596 1357 711 1440 cuique
732 1357 861 1445 generi,
883 1367 998 1420 natura
1017 1358 1215 1445 singulorum
1228 1381 1286 1423 ex-

164 1461 280 1548 posita}
318 1459 485 1524 Hordeum
513 1458 605 1523 Indis
628 1458 763 1524 sativom
785 1468 818 1521 et
839 1456 1002 1534 silvestre,
1030 1480 1072 1522 ex
1100 1480 1164 1542 quo
1191 1457 1287 1544 panis

163 1561 252 1648 apud
274 1582 329 1626 eos
349 1560 542 1646 praecipuus
564 1569 596 1624 et
617 1559 708 1624 alica.
740 1557 893 1623 Maxume
920 1557 1051 1641 quidam
1077 1580 1176 1643 oryza
1203 1581 1285 1644 gau·

162 1663 256 1741 dent,
286 1684 327 1726 ex
352 1683 417 1745 qua
444 1661 581 1724 tisanam
608 1659 780 1724 conficiunt
807 1681 904 1744 quam
930 1658 1047 1743 reliqui
1067 1661 1218 1724 mortales
1245 1659 1286 1724 ex

164 1762 294 1826 hordeo.
317 1759 448 1846 Oryzae
469 1759 546 1824 folia
567 1782 715 1838 carnosa,
745 1781 840 1844 porro
863 1759 979 1824 similia
1008 1760 1064 1824 sed
1083 1760 1215 1837 latiora,
1238 1760 1287 1824 al-

164 1862 268 1928 titudo
283 1861 447 1940 cubitalis,
469 1858 529 1926 flos
549 1882 748 1946 purpureus,
770 1861 862 1925 radix
884 1883 1049 1946 gemmeae
1070 1861 1286 1926 rotunditatis.

209 1965 258 2028 14.
288 1961 559 2046 Antiquissimum
579 1962 614 2025 in
635 1960 716 2025 cibis
737 1961 907 2039 hordeum,
937 1961 1019 2026 sicut
1039 1961 1288 2026 Atheniensium
1302 1975 1334 2022 72

163 2063 227 2128 ritu
254 2063 435 2129 Menandro
463 2073 592 2128 auctore
620 2063 754 2148 adparet
780 2073 813 2128 et
839 2062 1053 2149 gladiatorum
1086 2063 1287 2148 cognomine,

165 2164 221 2248 qui
242 2163 401 2228 hordearii
423 2163 629 2228 vocabantur.
659 2162 827 2227 Polentam
849 2185 977 2247 quoque
1001 2161 1119 2228 Graeci
1140 2185 1205 2228 nan
1226 2163 1288 2228 ali·

164 2264 251 2328 unde
272 2263 467 2350 praeferunt.
496 2262 652 2329 Pluribus
672 2263 709 2327 fit
730 2265 809 2329 haee
830 2265 945 2329 modis.
980 2261 1098 2329 Graeci
1119 2264 1289 2348 perfusum

164 2386 250 2449 aqua
267 2365 422 2429 hordeum
443 2364 565 2429 siccant
583 2375 676 2429 noete
695 2387 761 2429 una
781 2388 819 2430 ac
840 2377 969 2452 postero
983 2365 1036 2429 die
1050 2364 1188 2451 frigunt,
1211 2365 1288 2432 dein

165 2465 256 2530 molis
277 2466 438 2551 frangunt.
470 2463 554 2529 Sunt
576 2465 632 2550 qui
653 2465 872 2532 vehementius
895 2477 1015 2531 tostum
1035 2488 1148 2530 rursus
1169 2464 1289 2552 exigua
1302 2479 1334 2526 ts
1367 2462 1371 2475 ¹

164 2587 250 2649 aqua
270 2566 467 2651 adspergant
489 2575 523 2631 et
545 2565 667 2631 siccent
684 2566 775 2652 prius
793 2588 890 2651 quam
910 2569 1045 2644 molant;
1068 2565 1122 2632 alii
1141 2588 1216 2631 vero
1234 2566 1286 2630 vi-

54 2680 57 2687 ’
164 2665 310 2731 rentibus
331 2667 429 2753 spicis
452 2667 623 2732 decussum
643 2667 798 2732 hordeum
818 2690 932 2733 recens
950 2678 1091 2753 purgant
1104 2666 1287 2731 madidum-

164 2789 227 2852 que
254 2768 288 2843 in
313 2768 378 2853 pila
406 2767 546 2833 tundunt
575 2777 671 2852 atque
697 2769 732 2832 in
758 2768 909 2835 corbibus
935 2771 1048 2835 eluunt
1069 2790 1107 2832 ac
1129 2769 1288 2833 siccatum

165 2869 231 2933 sole
252 2892 363 2934 rursus
385 2869 525 2934 tundunt
546 2879 579 2932 et
599 2879 772 2956 purgatum
794 2870 926 2935 molunt.
951 2867 1161 2953 Quocumque
1178 2879 1289 2934 autem

164 2990 283 3054 genere
309 2981 519 3055 praeparato,
547 2969 669 3036 vicenis
695 2970 806 3035 hordei
831 2970 924 3036 libris
946 2982 1054 3037 ternas
1076 2969 1206 3036 seminis
1226 2969 1288 3034 lini

198 3179 267 3241 §lu
298 3177 418 3226 Thraciae
434 3176 538 3239 Aenum,
554 3180 622 3229 Pint.
657 3177 776 3229 Thraciae
785 3178 884 3242 fenum,
904 3171 966 3229 8¹21„
1000 3177 1214 3241 Tbrmmfmm,
1229 3180 1287 3228 Τὸ.

169 3242 289 3291 Thraciae
296 3242 381 3304 finem,
400 3236 446 3293 9².
477 3245 605 3294 Thracium
619 3246 703 3307 sinum,
718 3242 748 3308 β.
776 3287 808 3295 .-
835 3262 915 3308 quam,
933 3247 1005 3297 codd.
1023 3246 1080 3296 Gal.
1108 3242 1232 3309 quadan.
1254 3285 1287 3295 .-

165 3309 298 3369 montuosis,
314 3303 384 3359 Oad.
407 3311 524 3371 montosis,
535 3308 566 3372 β.
585 3351 617 3360 ..
642 3311 770 3361 Columella
782 3313 816 3362 11.
831 3318 854 3374 9,
868 3321 891 3364 8.
910 3355 942 3363 -
967 3312 1098 3374 trimestris,
1110 3315 1146 3362 a¹.
1165 3312 1287 3374 trimestm',

166 3371 251 3425 0a2d.
274 3417 305 3425 -
334 3375 503 3438 antiquissimi,
521 3393 544 3425 a.
573 3376 756 3439 antiquissimis,
768 3382 792 3429 d.
821 3380 1023 3443 antiquissimum,
1038 3375 1089 3444 βγ.
1113 3420 1144 3429 -
1170 3379 1287 3441 setanabn,

169 3435 265 3493 orer.
282 3451 394 3505 satamon,
404 3460 427 3492 a.
444 3443 554 3504 sitanmn,
564 3444 643 3493 Turn
656 3446 713 3494 adv.
728 3452 750 3506 1,
763 3449 918 3498 20.e1ibris.
937 3447 1071 3508 trimenson,
1079 3442 1109 3507 β.
1124 3487 1152 3496 ..
1168 3444 1288 3511 singulas,

166 3529 189 3561 a.
207 3508 304 3576 singula
315 3509 391 3559 oliuae
403 3509 494 3559 nucleos
505 3517 612 3573 aequent,
624 3511 691 3560 Pint.

199 3579 268 3642 §lL
295 3575 401 3638 serendo,
417 3569 487 3626 θεὰ.
505 3574 605 3637 serendi,
616 3572 646 3637 β.
664 3619 696 3627 -
715 3585 818 3641 matura,
830 3595 853 3631 a.
866 3621 898 3631 -
916 3580 981 3642 Indi,
993 3597 1017 3631 a.
1034 3623 1065 3631 -
1084 3579 1198 3641 silvestre,
1210 3583 1235 3630 d.
1253 3581 1288 3630 α’-

166 3644 218 3693 lure
229 3645 262 3706 in,
274 3662 297 3694 a.
321 3686 352 3695 ..
379 3643 485 3705 etalica,
500 3645 580 3694 Hasd.
596 3659 630 3693 ex
640 3647 772 3709 Theophr.
785 3648 936 3712 histplant.
949 3649 997 3700 IV.
1011 3656 1035 3710 4,
1049 3655 1071 3698 9.
1098 3647 1198 3708 lissima,
1215 3645 1288 3709 adst.

165 3709 255 3772 Italici,
269 3706 328 3762 θΚ.
348 3753 379 3761 -
399 3711 509 3772 tunnam,
522 3727 545 3759 a.
560 3711 692 3774 ptisanam,
704 3710 775 3779 (ἱβγ.
794 3756 825 3764 -
852 3715 951 3780 oryzae,
963 3717 1054 3768 Tsdr.
1079 3714 1171 3779 Oryzae
1182 3713 1289 3777 quadem,

165 3775 194 3840 β.
214 3817 244 3827 „
261 3794 386 3843 gemmeae,
399 3781 423 3828 d.
440 3777 554 3843 geminae,
570 3770 619 3828 Oa
636 3780 861 3843 qenuinne‚Dalee.

200 3849 267 3910 572.
294 3853 349 3894 ante
365 3845 476 3894 mensium
491 3845 570 3907 ritum,
586 3863 609 3898 a.
637 3887 669 3896 ..
695 3847 832 3898 Menandro
848 3865 873 3914 p.
886 3855 944 3900 282.
957 3852 996 3900 ed
1008 3850 1233 3913 Meinelr.prioris.
1258 3890 1286 3898 -

166 3911 290 3975 bordiarii,
303 3931 326 3963 a.
345 3913 413 3973 Quid
425 3915 456 3963 ds
467 3914 521 3964 hl.
531 3917 692 3965 statuendum
702 3917 742 3978 sit,
751 3918 867 3980 ignorare
881 3933 908 3967 ss
921 3917 1093 3981 lateturLips.
1103 3925 1199 3968 saturn.
1212 3923 1235 3978 l,
1248 3923 1288 3968 lt.

165 3981 254 4030 Dalec.
267 3980 368 4043 equitum
380 3981 488 4031 coniicit.
506 3979 620 4044 „dein
631 3986 693 4034 adr.
712 3982 802 4046 deinde,
814 3980 866 4049 fir.

200 4049 268 4111 §lb
295 4055 318 4096 et
327 4047 420 4110 siccent,
436 4042 465 4098 θ.
487 4048 636 4111 succensas.
658 4049 795 4114 siccamque,
806 4047 836 4112 β.
856 4090 887 4100 ...
911 4049 998 4114 eluunt,
1011 4053 1055 4102 ad.
1078 4048 1197 4112 dividunt,
1209 4067 1230 4101 r.
1256 4093 1288 4102 -

64 4142 70 4149 ,
167 4114 293 4177 siccarum,
306 4132 328 4164 a
348 4157 377 4165 -
398 4117 601 4181 praeparem
620 4157 652 4167 -
674 4116 793 4178 selibram,
808 4110 837 4167 θ.
859 4115 953 4181 selibra,
965 4136 989 4169 a.
1012 4135 1054 4167 ses
1066 4118 1147 4181 libras,
1160 4120 1213 4169 Td.
1232 4118 1290 4168 seli-

168 4182 231 4242 bras,
242 4177 272 4242 β.
291 4223 322 4232 -
341 4182 497 4246 acetabulum,
508 4186 542 4235 K.
559 4183 689 4246 acetabulo,
701 4187 738 4236 ad
743 4180 766 4246 β
770 4197 795 4249 r.
815 4225 846 4234 ..
864 4186 942 4235 omnm
953 4194 1016 4247 anm,
1028 4189 1052 4235 d.

201 4251 269 4313 §lb
288 4250 410 4314 farinam,
426 4245 555 4303 OTKad.
565 4251 682 4315 smmum,
694 4248 723 4313 β.
743 4293 773 4302 ..
792 4251 877 4315 emilia,
889 4255 933 4302 ad.
954 4295 984 4302 ..
1000 4252 1136 4315 feracibus
1147 4261 1190 4316 est,
1205 4246 1290 4307 0Td.
