2754 4726
30 274 91 338 218
381 286 584 333 nanunams
607 285 802 333 nrsroams

29 437 205 504 intervallis
227 459 326 524 opera
346 438 467 502 rustica
493 459 581 522 rapa,
611 459 714 522 napos
742 458 846 503 serere
869 437 986 521 quibus
1009 436 1151 504 diximus

29 538 154 605 diebus.
192 537 319 624 Volgus
347 547 472 624 agreste
499 559 577 622 rapa
603 549 677 624 post
703 537 843 602 ciconiae
866 537 1044 603 discessum
1067 539 1152 605 male

29 639 98 722 seri⁸
120 649 228 726 putat3
262 660 320 703 nos
350 638 478 703 omnino
504 648 578 723 post
605 637 794 704 Volcanalia
822 649 855 704 et
883 639 1050 724 praecocia
1078 663 1152 706 cum

27 740 160 828 panico,
183 762 203 803 a
216 739 365 804 fidiculae
380 732 488 804 autc'm
502 760 618 803 occasu
632 738 758 818 viciam,
780 739 957 825 phasiolos‚
979 739 1151 825 pabulum3

28 831 89 908 froc
111 841 224 907 silente
245 841 321 906 luna
341 839 403 904 seri
421 838 543 904 iubent.
565 837 609 903 Et
629 838 751 904 frondis
771 840 1010 926 praeparandae
1025 853 1153 927 tempus

28 943 89 1010 hoc
111 952 178 1019 est3
200 965 285 1007 unus
305 940 469 1006 frondator
490 950 642 1024 quattuor
664 940 843 1006 frondarias
854 934 989 1006 *fiscinas
1004 942 1152 1028 conplere

27 1043 62 1108 in
88 1045 142 1108 die
167 1043 296 1108 iustum·
309 1041 416 1107 habet.
455 1037 491 1104 Si
515 1040 717 1107 decrescente
743 1041 819 1105 luna
840 1051 1066 1127 praeparetur,
1088 1063 1152 1107 non

28 1143 201 1228 putrescit3
234 1142 354 1208 aridam
388 1140 496 1229 colligi
530 1163 595 1206 non
623 1151 758 1226 oportet.
793 1136 1008 1208 Vindemiam‘
1027 1141 1212 1226 antiquiora

29 1265 204 1328 numquam
237 1243 471 1309 existumavere
503 1251 661 1306 maturam
693 1252 767 1308 ante
797 1241 1035 1326 aequinoctium
1042 1267 1051 1320 ;
1088 1242 1153 1306 iam

29 1344 152 1430 passim
173 1344 243 1429 rapi
265 1364 376 1420 cerna,
399 1341 607 1427 quamobrem
627 1353 659 1407 et
680 1343 776 1408 huius
797 1353 943 1428 tempora
956 1342 1040 1408 notis
1054 1364 1152 1429 argu·

30 1445 210 1531 mentisque
233 1444 409 1531 signentur.
432 1443 543 1531 Leges
565 1443 611 1515 ita
634 1466 668 1508 se
689 1443 828 1509 habent:
850 1466 947 1510 uvam
962 1443 1098 1508 calidam
1111 1458 1158 1508 ne¹

29 1545 146 1634 legito,
179 1545 240 1611 hoc
269 1555 319 1611 est
343 1545 377 1609 in
404 1544 474 1610 eius
496 1545 639 1610 siccitate
661 1567 700 1610 ac
721 1544 785 1610 nisi
806 1544 909 1609 imber
929 1543 1152 1618 intervenerit3

31 1670 128 1713 uvam
149 1646 344 1712 rorulentam
364 1668 406 1711 nc
427 1645 545 1732 legito,
559 1644 628 1709 ·hoc
650 1655 699 1710 est
721 1645 748 1710 si
769 1668 823 1710 ros
844 1654 1021 1711 nocturnus
1042 1643 1155 1722 fuerit,

31 1770 92 1813 nec
112 1747 203 1834 prius
224 1768 321 1830 qnam
345 1746 411 1811 sole
433 1744 631 1824 discutiatur.
669 1744 876 1811 Vindemiaro
903 1744 1051 1830 incipito,
1063 1740 1068 1747 ’
1080 1767 1155 1810 cum
1168 1762 1215 1808 arc

32 1847 74 1913 od
95 1847 260 1934 palmitem
281 1846 453 1933 pampinus
475 1844 684 1932 procumbere
707 1847 812 1932 coepit
833 1858 890 1911 aut
910 1868 983 1911 oum
1006 1857 1156 1932 exempto

34 1948 125 2015 acino
148 1972 189 2015 ex
210 1947 367 2013 densitate
388 1947 593 2013 intervallum
613 1970 678 2014 non
700 1948 844 2034 conpleri
866 1947 1067 2033 adparuerit,
1087 1948 1156 2013 aci-

33 2072 112 2114 num
133 2072 198 2115 non
220 2049 341 2136 augeri.
373 2043 479 2113 Acino
499 2047 684 2134 plurumum
704 2050 817 2124 refert,
849 2047 877 2114 si
899 2048 1064 2136 contingat
1085 2070 1157 2114 cre·

35 2161 142 2216 scente
162 2150 239 2214 luna
261 2148 466 2214 vindemiare.
491 2147 650 2214 Pressura
670 2172 735 2214 una
757 2150 864 2216 culeos
884 2172 933 2213 xx
954 2149 1078 2235 inplere
1100 2149 1157 2213 de·

32 2249 104 2328 bet3
140 2250 193 2315 hic
226 2260 276 2315 est
307 2269 366 2335 pes
397 2248 512 2314 iustus.
549 2249 604 2315 Ad
637 2250 771 2316 totidem
798 2250 906 2316 culeos
934 2259 966 2315 et
991 2250 1086 2316 lacus
1108 2271 1157 2313 xx
1170 2264 1217 2311 cra

33 2349 199 2436 iugeribus
227 2371 327 2414 unum
355 2349 473 2414 sufficit
499 2352 666 2417 torculum.
702 2351 858 2417 Premn'nt
884 2350 985 2435 aliqui
1011 2350 1157 2435 singulis,

33 2451 142 2516 utilius
163 2449 265 2529 binis,
288 2450 364 2516 licet
385 2473 502 2536 magna
525 2451 567 2515 sit
588 2452 721 2518 vastitas
744 2451 889 2539 singulis.
910 2449 1102 2537 Longitudo
1124 2450 1158 2514 in

20 2552 84 2616 'his
105 2553 220 2630 refert,
243 2573 308 2616 non
330 2550 523 2626 crassitud03
547 2552 688 2637 spatiosa
709 2551 824 2618 melius
837 2562 998 2640 premunt.
1021 2550 1158 2634 Antiqui

33 2650 165 2718 funibus
199 2652 351 2737 vittisque
380 2653 478 2718 loreis
505 2674 544 2717 ea
570 2652 796 2718 detrahebant
812 2665 845 2718 et
872 2652 1030 2719 vectibus.
1066 2651 1159 2715 Intra

34 2776 53 2818 o
69 2776 171 2819 annos
189 2754 319 2819 inventa
331 2751 540 2831 Graecanica,
555 2752 631 2818 mali
644 2754 734 2840 mgis
745 2777 803 2841 per
815 2754 938 2821 cocleas
949 2752 1158 2831 bullantibus,

68 2964 84 3026 ξ
96 2966 153 3012 314.
178 2978 248 3025 rapa,
262 2978 344 3026 capos,
355 2961 422 3012 Pint.
444 2959 571 3027 panaphoa
582 2961 710 3028 raphanos,
722 2963 774 3012 Ta.
790 2960 917 3027 papianus
928 2957 1055 3025 raphanos,
1068 2975 1092 3008 a.
1111 2975 1156 3008 aa·

33 3045 85 3094 poa,
102 3027 231 3092 raphanos,
247 3025 269 3091 β
272 3044 297 3094 7.
319 3030 357 3080 At
375 3031 406 3079 do
421 3030 488 3094 rapis
500 3031 578 3079 modo
590 3037 616 3080 ct
626 3031 699 3094 napis
711 3044 852 3080 sermonem
864 3045 919 3080 esse
931 3028 1068 3079 clarissime
1080 3029 1157 3077 docet

36 3113 112 3161 quam
123 3097 178 3161 ipse
189 3099 256 3149 Plin.
267 3100 355 3147 laudat
371 3099 385 3162 ξ
400 3102 456 3147 131.
476 3092 507 3147 '..
534 3095 637 3146 dicimus
653 3095 742 3158 dubus,
759 3099 803 3146 ad„
829 3094 910 3145 diebus
927 3095 1037 3155 aalma
1054 3089 1106 3159 βγ.
1127 3134 1157 3143 -

36 3179 107 3225 rapa,
123 3168 166 3212 ad.
193 3173 216 3212 et
230 3181 300 3228 rapa,
316 3159 366 3228 βγ,
385 3205 416 3214 ..
442 3165 596 3229 praecoqar'a,
613 3165 644 3214 Τ.
663 3204 695 3214 ..
721 3162 810 3225 vitium,
823 3180 846 3214 a.
865 3204 897 3213 -
911 3160 1096 3227 passioloa‘ad.
1111 3163 1158 3225 fa-

30 3227 118 3289 ¹seoloa,
130 3225 181 3292 βγ.
201 3271 232 3278 ..
251 3238 273 3278 et
284 3229 326 3278 hoc
337 3229 425 3292 atterite,
437 3233 470 3282 K.

49 3297 156 3358 -§315.
184 3295 297 3356 calidam,
309 3313 332 3345 a.
359 3295 514 3359 calcandam,
527 3299 558 3348 T.
584 3295 733 3360 mirandam,
747 3299 771 3348 d.
789 3319 821 3348 ;.
848 3298 927 3358 ΜΤ.
954 3312 1003 3358 nec,
1016 3298 1061 3346 ad.
1080 3336 1111 3345 ..
1131 3295 1161 3344 'ia

38 3361 99 3422 eiam
115 3375 161 3424 pro
179 3363 219 3411 his
234 3377 274 3411 vv.
291 3362 428 3412 habentia
443 3378 474 3410 aa
488 3367 536 3424 ad,
554 3369 621 3415 unda
637 3380 696 3415 oum
713 3372 834 3430 appareat
844 3365 974 3427 vulgatam
987 3364 1072 3414 debari
1083 3364 1160 3413 libra·

38 3430 132 3479 riorum
148 3429 264 3491 ingenio,
284 3443 333 3492 ego
351 3426 433 3476 macae
450 3430 608 3479 scribendum
625 3445 680 3481 esso
697 3434 823 3482 existimo.
848 3473 879 3481 ..
906 3447 985 3492 uvam,
1001 3432 1054 3481 D2.
1080 3446 1160 3493 quam,

38 3496 154 3547 D¹Tad.
181 3490 313 3558 lanassy.
332 3535 363 3543 ..
387 3493 757 3567 rorulentamaclepitaDTd.
783 3496 1107 3563 rmulaatamaeolepito,a.
1133 3513 1162 3546 ne

40 3562 110 3627 lepito
121 3560 273 3624 rorulentam,
285 3558 336 3627 βγ.
354 3601 386 3610 ..
405 3577 451 3609 aon
460 3562 537 3625 priua,
549 3565 582 3612 K.

73 3629 88 3690 ξ
101 3635 159 3680 316.
181 3630 264 3693 coepit,
277 3631 321 3679 ad.
344 3627 452 3691 coeperit,
464 3624 514 3694 βγ.
534 3671 565 3679 ..
583 3630 707 3680 intervallo
718 3648 764 3681 noa
775 3631 894 3696 completo,
907 3633 939 3682 Κ.
958 3671 990 3681 ..
1007 3631 1099 3679 Asinos
1107 3630 1162 3694 plu-

40 3698 112 3746 rimos
120 3697 182 3758 sert,
198 3712 242 3762 ay.
269 3695 356 3745 aanor.
380 3693 487 3745 Plurima
495 3697 557 3758 fert,
574 3699 627 3748 Td.
651 3699 708 3761 Ego
724 3701 840 3750 revocavi
852 3700 983 3764 vulgatam
995 3694 1042 3761 (β)
1055 3700 1162 3762 scriptu·

40 3780 107 3824 ram,
128 3772 367 3827 quacunaaptum
385 3766 618 3828 consummabat,
646 3781 702 3815 cum
726 3768 909 3832 ineptissimum
927 3767 961 3816 sit
982 3767 1066 3816 dicore
1085 3767 1163 3816 vitem

41 3833 127 3881 acinos
139 3833 156 3880 i.
169 3846 190 3881 e.
210 3832 300 3881 baccas
316 3831 401 3894 pluras
416 3829 488 3892 farre,
507 3831 528 3882 si
544 3834 596 3883 hoc
612 3841 657 3882 aut
668 3834 713 3882 illo
725 3842 838 3898 tempore
849 3834 1027 3895 vindemiatum
1045 3833 1115 3882 acina
1126 3848 1163 3880 re-

35 3899 90 3962 fert
105 3899 209 3948 accedat
225 3900 257 3948 ad
274 3898 394 3961 exempla
409 3897 537 3949 simillima
553 3900 644 3951 Horat.
662 3909 708 3950 sat.
726 3902 837 3962 1.1‚4c.
864 3899 952 3950 ra'ueaa¹
961 3900 1063 3964 reserat,
1081 3901 1163 3950 Tacit.

43 3966 126 4016 annal.
141 3971 181 4026 15,
194 3971 234 4016 65.
262 3981 308 4014 noa
323 3965 413 4029 referre
428 3963 543 4029 dedecori,
562 3966 653 4031 quibus
668 3970 695 4017 in
711 3969 776 4019 locis
793 3971 845 4021 hoc
855 3969 961 4018 verbum
972 3968 1099 4031 significat
1110 3969 1126 4016 i.
1139 3983 1163 4030 q.

43 4031 144 4097 expedit,
155 4032 271 4082 conducit.
291 4073 321 4082 ..
340 4031 369 4093 ai,
381 4047 403 4081 a.
421 4032 488 4095 sicut,
500 4036 524 4084 d.
544 4077 574 4085 ..
593 4034 741 4096 vindemiari,
753 4053 773 4085 r.
793 4076 825 4085 -
842 4034 936 4096 callam,
948 4038 992 4084 ad.
1136 4055 1140 4061 ¹

77 4103 163 4165 5317.
186 4099 279 4161 culleos,
297 4116 319 4150 a.
342 4098 386 4147 Ad
397 4097 489 4150 uadem
505 4101 582 4151 culeos
597 4110 620 4150 et
634 4103 697 4152 XX
705 4101 824 4167 iugeribus
836 4118 905 4151 unum
917 4099 1007 4165 sufficit
1019 4100 1131 4150 toreuma
1143 4109 1165 4149 et

45 4168 116 4230 latur,
127 4168 216 4218 Dalcc.
235 4209 265 4218 -
292 4166 403 4228 torcular,
415 4169 466 4219 To.
485 4209 517 4220 ..
540 4167 618 4233 aliqui
626 4169 723 4232 circuli,
738 4170 817 4221 Hard.
830 4178 855 4220 at
866 4185 883 4235 γ
895 4170 957 4220 vitio
970 4184 1112 4234 operarum.
1133 4210 1163 4219 ..

44 4237 157 4303 speciosa,
170 4252 192 4286 a.
214 4277 243 4285 ..
260 4243 372 4299 prement,
385 4239 408 4286 d.
423 4277 453 4285 ..
472 4235 598 4299 violasque
611 4236 688 4299 loreia,
700 4239 772 4288 codd.
785 4237 860 4288 Barb.
875 4272 905 4287 ..
924 4253 1020 4298 cunnos,
1033 4252 1056 4286 a.
1075 4245 1164 4288 centum
