2754 4726
144 297 206 366 150
495 308 699 358 sarnanum
722 306 917 354 nrsromru

186 467 238 532 10.
269 462 439 529 Frumenti
470 461 572 549 ipsius
610 459 742 525 totidem
773 480 894 545 genera
923 479 983 542 per
1015 466 1160 541 tempora
1192 467 1267 573 satta
1281 473 1313 519 49

143 567 262 635 divisa:
292 563 429 630 hiberna
455 585 538 648 quae
566 561 652 628 circa
679 559 884 644 vergiliarum
912 580 1060 624 occasum
1088 568 1159 622 sata
1180 569 1268 623 terra

142 692 202 755 per
220 667 358 733 hiemem
378 665 580 742 nutriuntur,
608 672 646 728 ut
668 661 824 738 triticum,
854 661 918 738 far,
946 659 1101 724 hordeum
1108 685 1117 736 3
1144 659 1268 725 aestiva

143 791 226 854 quae
247 777 370 834 aestate
391 763 695 852 anterergiliarum
714 772 862 828 exortum
883 772 1060 839 seruntur,
1074 771 1112 825 ut
1133 759 1267 837 milium,

143 870 310 956 panicum,
344 867 476 946 sesima,
509 865 708 941 horminum,
740 863 818 938 irio,
850 861 963 926 Italiae
990 862 1158 927 dumtaxat
1183 861 1266 935 ritu3

143 971 284 1057 alioquin
304 971 339 1036 in
361 965 503 1034 Graecia
524 977 557 1033 at
583 965 618 1031 in
638 963 721 1030 Asia
749 962 857 1029 omnia
883 985 903 1026 a
924 962 1130 1050 vergiliarum
1149 983 1268 1028 occasu

146 1083 313 1149 seruntur,
336 1069 495 1153 quaedam
517 1078 625 1134 autem
645 1078 780 1149 utroque
803 1075 945 1149 tempore
967 1064 1001 1128 in
1022 1062 1130 1142 Italia,
1153 1086 1193 1129 ex
1214 1063 1281 1130 his'

144 1171 302 1256 quaedam
335 1181 368 1234 et
401 1169 494 1235 tertio
521 1170 615 1234 veris.
656 1166 768 1250 Aliqui
800 1185 898 1231 verna
930 1165 1069 1243 milium,
1102 1165 1266 1250 panicum,
1282 1182 1315 1227 so

144 1274 280 1361 lentem,
308 1271 407 1349 cicer,
435 1271 550 1336 alicam
571 1268 749 1356 appellant,
779 1268 954 1334 sementiva
980 1278 1090 1332 autem
1115 1267 1267 1345 triticum,

145 1372 315 1450 hordeum,
345 1371 469 1449 fabam,
497 1395 633 1458 napum,
660 1392 781 1456 rapam.
815 1367 860 1432 Et
879 1369 914 1433 in
935 1369 1033 1433 tritici
1053 1391 1172 1455 genere
1192 1391 1268 1455 pars
1304 1361 1311 1372 ’
1348 1362 1355 1381 ’

146 1474 252 1559 aliqua
272 1473 384 1558 pabuli
405 1483 456 1539 est
480 1472 717 1558 quadripedum
743 1491 840 1536 causa
852 1471 933 1547 sati,
955 1480 991 1534 ut
1010 1470 1153 1556 farrago,
1179 1481 1213 1537 et
1232 1471 1269 1534 in

144 1573 372 1666 leguminibus,
395 1586 432 1640 ut
445 1573 544 1651 vicia3
568 1585 602 1637 at
616 1591 771 1641 conrnune
791 1571 1024 1657 quadripedum
1039 1572 1269 1656 hominumque

145 1677 220 1741 usui
251 1677 408 1761 lupinum.
457 1674 641 1761 Legumina
677 1672 784 1737 omnia
821 1672 964 1758 singulas
995 1673 1115 1752 habent
1143 1672 1270 1742 radices
1284 1686 1314 1731 51

145 1786 274 1863 praeter
301 1775 406 1841 fabam
435 1797 554 1859 easque
584 1775 784 1852 surculosus,
816 1774 894 1857 quia
916 1797 987 1840 'non
1007 1775 1042 1839 in
1063 1775 1164 1840 multa
1184 1775 1269 1840 divi·

145 1873 280 1954 duntur,
303 1877 474 1942 altissimas
495 1885 603 1941 autem
624 1876 719 1942 cicer.
755 1873 933 1940 Frumenta
953 1876 1062 1941 multis
1084 1877 1271 1942 radicantur

145 1977 235 2046 fibris
250 1979 318 2044 sine
332 1979 440 2044 ramis.
469 1976 622 2064 Erumpit
636 2000 656 2041 a
669 1976 773 2063 primo
788 1989 860 2042 satu
873 1974 1029 2042 hordeum
1043 1977 1096 2043 die
1110 1989 1271 2064 septum0,

146 2076 296 2166 legumen
318 2088 432 2163 quarto
455 2079 507 2144 vel
530 2100 604 2143 cum
626 2077 806 2142 tardissime
829 2088 987 2162 septumo,
1014 2076 1089 2143 faba
1108 2099 1129 2141 a
1148 2099 1205 2145 xv.
1225 2077 1272 2142 ad

144 2195 219 2257 xm,
242 2179 392 2265 legumen
413 2179 447 2243 in
468 2178 624 2263 Aegypto
649 2178 746 2242 tertio
768 2178 830 2243 die.
854 2177 907 2240 Ex
921 2177 1042 2244 hordeo
1056 2179 1192 2243 alterum
1213 2186 1270 2267 oa-

145 2289 205 2362 put
227 2280 320 2366 grani
341 2281 376 2344 in
396 2279 539 2344 radicem
556 2279 638 2355 exit,
660 2279 796 2343 alterum
817 2279 851 2342 in
872 2278 1003 2343 herbam
1024 2301 1107 2363 quae
1129 2290 1162 2344 et
1182 2278 1274 2364 prior
1292 2317 1295 2321 ·

145 2378 245 2446 floret.
282 2381 438 2465 Radicem
464 2379 601 2444 crassior
627 2402 702 2465 pars
729 2380 821 2466 grani
844 2380 964 2455 fundit,
993 2381 1118 2446 tenuior
1141 2380 1272 2456 florem3

125 2516 129 2523 s
146 2481 259 2549 ceteris
282 2481 455 2546 seminibus
469 2481 588 2545 eadem
607 2502 683 2564 pars
699 2492 729 2545 et
745 2481 886 2546 radicem
902 2491 932 2546 et
945 2481 1066 2547 florem.
1090 2481 1274 2546 Frumenta
1286 2494 1319 2540 os

145 2578 250 2648 hieme
272 2581 305 2645 in
327 2580 425 2647 herba
446 2592 537 2659 sunt,
564 2604 663 2646 verno
689 2592 831 2667 tempore
851 2583 1045 2668 fastigantur
1064 2583 1099 2646 in
1120 2582 1273 2668 stipulam

146 2706 229 2768 quae
260 2693 335 2748 sunt
363 2683 489 2748 hiberni
517 2683 662 2770 generis,
699 2693 733 2747 at
759 2683 882 2747 milium
909 2695 941 2747 et
967 2683 1118 2768 panicum
1144 2683 1178 2745 in
1200 2683 1272 2747 cul·

145 2806 233 2848 mum
255 2783 471 2868 geniculatum
492 2794 524 2850 et
538 2806 735 2871 cancerem,
766 2785 883 2849 sesima
912 2807 986 2850 vero
1008 2786 1042 2850 in
1062 2784 1272 2849 ferulaceum.

179 2987 247 3055 §re
265 2994 384 3053 calaad.
408 2990 526 3055 actuali.
547 3033 577 3041 -
592 2991 648 3054 sar,
662 2993 800 3041 omitted.
820 3032 851 3040 ..
869 2992 1051 3053 urmioum,ad.
1070 3033 1101 3041 -
1120 2988 1216 3051 irlic,a.
1237 3026 1272 3040 ...

146 3057 259 3121 alioquin,
272 3075 294 3108 a.
318 3057 416 3121 alioqui,
430 3062 445 3108 d
451 3074 476 3123 y.
495 3101 527 3110 -
545 3059 570 3108 ie
580 3057 652 3120 Asia,
664 3076 687 3108 a.
708 3057 781 3120 Asia,
795 3049 866 3121 dssr.
885 3101 917 3108 -
935 3075 952 3107 a
964 3058 1126 3123 vergiliarum,
1138 3059 1169 3107 T.
1192 3057 1273 3122 varyi-

147 3126 242 3186 liarum,
255 3122 349 3189 adssr.
368 3128 401 3176 V.
415 3131 428 3190 ξ
442 3134 499 3178 201.
519 3169 550 3177 ..
568 3127 640 3185 ueris,
653 3129 702 3177 Ta.
723 3126 783 3175 vau
793 3125 890 3187 scilicet,
903 3123 973 3189 ᾱβγ.

180 3192 195 3252 5
209 3198 248 3241 50.
266 3192 368 3254 Alioqui
377 3209 450 3241 verua
459 3235 490 3243 ..
500 3195 561 3244 cicer
572 3191 649 3259 aliqui
659 3193 792 3259 appellant,
811 3192 918 3244 Salmas.
936 3196 968 3245 de
985 3195 1047 3258 hyle
1058 3209 1083 3257 p.
1097 3197 1137 3243 72.
1149 3194 1174 3242 b.
1186 3193 1216 3241 E.
1237 3229 1272 3242 ..

145 3258 279 3371 remensium,
293 3260 344 3309 Td.
371 3260 527 3323 sementivam,
540 3279 562 3311 a.
589 3262 765 3325 rementica,K.
782 3302 814 3311 -
842 3277 938 3326 rapam,
959 3261 1097 3311 omitted.
1117 3301 1149 3309 -
1166 3257 1234 3320 vitia,
1248 3277 1273 3310 a.

148 3360 177 3374 .-
198 3341 214 3372 a
232 3327 296 3384 ,ad

181 3392 195 3452 §
209 3398 248 3440 51.
275 3391 409 3454 Laqumiaa
425 3393 511 3454 omnia,
528 3395 658 3456 Theophr.
676 3394 734 3445 hist.
753 3396 832 3457 plant.
849 3395 924 3444 VIII.
942 3403 965 3456 2,
978 3402 1003 3446 3.
1022 3435 1054 3445 ..
1080 3394 1138 3458 quia
1153 3410 1208 3456 uon,
1224 3397 1272 3444 ad.

147 3475 209 3522 quae
221 3474 273 3519 oon,
283 3461 314 3508 T.
332 3460 416 3514 Multa
427 3460 453 3509 in
465 3461 505 3510 his
517 3469 600 3509 mutat
611 3462 679 3510 Pint.
692 3501 723 3508 ..
737 3459 848 3524 lequmeu,
857 3460 891 3512 D.
910 3463 984 3512 Idem
996 3479 1055 3512 cum
1067 3463 1149 3525 spatio
1162 3464 1272 3512 duarum

146 3526 288 3576 litterarum
300 3535 359 3590 post
370 3527 452 3589 ipsam
463 3542 552 3577 vocem
566 3528 643 3576 habet
654 3531 710 3577 cod.
723 3544 745 3576 a.
772 3527 898 3591 lequmina,
911 3527 983 3594 ᾶβγ.
1005 3530 1146 3580 Numerum
1163 3531 1205 3592 qui
1218 3536 1272 3579 sta·

147 3595 193 3644 tim
206 3595 319 3658 sequitur
330 3602 415 3656 quarto
425 3595 508 3645 Ursin.
522 3597 554 3644 ad
565 3595 639 3643 Varr.
653 3597 683 3644 de
695 3610 722 3644 re
733 3604 794 3645 rust.
806 3596 827 3644 I.
842 3601 882 3657 45,
897 3604 918 3646 l.
941 3599 968 3647 in
980 3597 1060 3660 quinto
1071 3598 1186 3656 mutavit,
1202 3597 1272 3645 Pint.

65 3671 69 3683 ¹
147 3675 206 3710 vero
219 3663 269 3712 hoc
281 3676 387 3710 numero
401 3671 498 3710 servato
512 3663 596 3711 statim
608 3661 674 3711 infra
686 3661 723 3711 ael
733 3679 784 3711 cam
798 3661 859 3712 card.
872 3664 952 3726 quinto
963 3666 1034 3728 legit.
1048 3705 1079 3713 ..
1092 3680 1108 3710 a
1117 3663 1149 3712 X
1154 3664 1182 3713 V.
1193 3661 1234 3723 ad,
1247 3681 1271 3713 a.

145 3745 164 3776 a
175 3729 240 3779 XV.
252 3736 301 3790 aut,
314 3732 344 3779 T.
363 3728 427 3779 XV.
440 3736 489 3789 aut,
503 3732 526 3779 d.
538 3770 568 3777 -
587 3728 669 3777 ceteris
681 3728 833 3794 lequmim'bua
845 3729 934 3794 eadem,
946 3733 1014 3783 Pint.
1026 3773 1057 3782 ..
1076 3729 1180 3779 radicem
1193 3729 1272 3793 etflo-

147 3801 204 3856 r'em,
217 3811 239 3844 a.
258 3794 365 3843 radicum
378 3795 503 3860 etflorum,
516 3798 540 3846 d.

181 3862 249 3927 §52
273 3861 382 3925 hiemia.
407 3864 526 3914 Ceterum
543 3881 567 3914 v.
580 3865 711 3928 Theophr.
724 3866 741 3914 l.
753 3866 771 3914 l.
785 3874 810 3915 et
821 3865 896 3914 VIII.
910 3873 933 3924 3,
948 3872 971 3916 2.
990 3908 1021 3916 ..
1042 3866 1271 3930 fartiqaumr‚Td.

139 3931 176 3993 fa
185 3968 191 3980 .
200 3929 314 3993 liquatur,
326 3947 343 3979 a
354 3928 446 3992 (erasa,
459 3940 487 3981 ut
498 3933 604 3994 videtur,
617 3933 703 3982 littera
713 3930 750 3997 q).
773 3932 903 3996 opimatur,
916 3929 945 3983 θ.
963 3933 1136 3998 suscipiamur,
1148 3928 1177 3994 β.
1198 3973 1230 3982 -
1249 3940 1273 3981 et

144 3997 265 4061 panicum,
278 4014 300 4046 e.
315 3998 435 4061 panicum,
449 4001 472 4048 d.
492 4041 522 4049 -
542 3997 638 4060 culmen,
650 4017 673 4050 a.
691 4042 721 4049 ..
740 4000 857 4060 sicamina,
871 4016 894 4049 a.
908 4042 939 4050 ..
957 4009 1070 4060 satorum,
1083 4004 1107 4052 d.
1125 4008 1271 4061 saturarum,

146 4080 170 4114 a.
196 4066 332 4127 salicorum,
348 4058 405 4116 θΤ.
426 4108 455 4115 ..
480 4075 506 4115 ut
518 4067 598 4126 tritici,
610 4070 634 4118 d.
662 4067 794 4128 auttrilici,
807 4085 829 4117 a.
849 4109 879 4116 ..
903 4077 987 4116 contra
998 4084 1054 4117 aver
1065 4075 1088 4116 et
1097 4083 1197 4130 paruas,
1216 4069 1270 4118 D2.

148 4132 236 4183 Omitt.
253 4130 417 4197 D¹Tadssr,
436 4137 481 4185 sed
499 4136 604 4198 vestigia
620 4150 693 4184 verae
709 4136 824 4185 lectionis
842 4136 869 4184 in
885 4136 925 4186 hia
941 4152 1044 4200 quoque
1055 4138 1130 4185 codd.
1142 4149 1270 4185 remanse-

147 4209 214 4260 runt,
232 4201 268 4249 uti
285 4215 317 4249 ex
333 4203 451 4263 proxima
462 4217 524 4252 voce
536 4211 647 4267 apparet.
667 4243 698 4250 ..
721 4200 886 4265 quadripedes,
898 4204 952 4254 Da.
976 4202 1119 4267 qucdr'fide,
1132 4206 1155 4253 d
1180 4200 1273 4265 quadri

140 4265 194 4328 file,
207 4268 238 4316 T.
258 4267 394 4330 quadrifido
406 4271 446 4319 vel
459 4268 608 4334 quadripedi,
621 4271 693 4319 codd.
706 4270 785 4320 Turn.
797 4273 854 4320 adv.
867 4276 908 4341 30,
923 4277 962 4322 18.
