2754 4726
359 287 430 332 nna.
447 288 548 334 xv111.
579 287 657 334 cnr.
675 289 787 335 xxxv
821 290 917 337 suen.
932 293 1014 335 susa
1191 278 1252 343 229

158 439 209 507 83.
231 424 562 504 Nebulae'montibus
584 439 815 506 descendentes
837 449 893 504 aut
915 440 1001 506 caelo
1022 442 1174 509 cadentes
1190 443 1241 510 vel
1253 461 1301 508 aar

113 540 147 602 in
170 538 307 604 vallibus
329 538 469 604 sidentes
493 541 697 605 serenitatem
718 541 914 627 promittent.

156 641 208 706 84.
230 638 286 705 Ab
307 638 358 703 his
381 641 498 705 terreni
520 641 613 728 ignes
627 663 785 726 proxume
801 641 1000 730 significant3
1022 643 1134 730 pallidi
1147 666 1239 709 nam-

113 761 177 824 que
198 749 496 824 murmurantesque
518 751 742 826 tempestatum
764 742 869 807 nuntii
893 743 1084 822 sentiuntur,
1111 743 1239 830 pluviae

92 841 177 905 ,iam
198 842 232 905 in
254 841 395 906 lucernis
421 842 530 928 iungi3
565 842 592 906 si
618 841 762 908 flexuose
789 842 902 908 volitet
927 841 1070 923 flamma,
1097 855 1239 926 ventum,
1253 865 1301 909 aas

10 985 14 996 .
113 953 146 1005 et
166 940 299 1020 lumina,
322 963 396 1007 cum
418 965 457 1007 ex
481 964 550 1007 sese
572 943 715 1007 flammas
731 943 854 1008 elidunt
869 952 925 1007 aut
939 944 994 1007 vix
1009 945 1239 1026 accenduntur,

14 1054 17 1059 '
112 1041 192 1107 item
218 1065 291 1108 cum
318 1043 352 1106 in
380 1065 418 1108 eo
444 1044 603 1128 pendente
633 1043 789 1109 scintillae
810 1054 1057 1123 coacervantur,
1088 1047 1139 1112 vel
1167 1069 1241 1112 cum

112 1143 299 1209 tollentibus
320 1144 400 1209 ollas
421 1143 517 1209 carbo
539 1144 753 1223 adhaerescit,
789 1155 843 1209 aut
869 1167 941 1210 cum
969 1157 1133 1212 contectus
1154 1147 1240 1234 ignis

112 1267 130 1308 e
154 1267 188 1310 se
211 1245 353 1309 favillam
375 1245 505 1309 discutit
526 1245 893 1324 scintillamveemittit,
924 1246 974 1311 vel
1001 1270 1075 1312 cum
1102 1247 1183 1312 cinis
1205 1248 1239 1313 iri

112 1345 186 1410 foco
208 1347 384 1411 concrescit
402 1328 437 1410 et
460 1369 532 1410 cum
555 1347 651 1411 carbo
672 1347 877 1412 vehementer
898 1345 1053 1432 perlucet.

155 1451 207 1515 85.
240 1449 301 1514 Est
322 1458 355 1515 et
375 1470 530 1532 aquarum
552 1448 756 1535 significatio,
784 1447 879 1512 Mare
892 1448 928 1512 'si
951 1448 1121 1534 tranquillo
1142 1458 1301 1534 portuens

95 1549 280 1624 ¹cursitabit
300 1549 552 1614 murmurabitve
573 1550 658 1613 intra
680 1571 724 1626 se,
748 1560 880 1614 ventum
905 1550 1077 1634 praedicit,
1100 1549 1128 1615 si
1152 1550 1238 1614 idem

110 1649 227 1727 hieme,
251 1663 283 1716 et
303 1649 454 1728 imbrem;
482 1651 575 1715 litora
600 1651 754 1735 ripaeque
781 1650 808 1714 si
834 1650 1030 1715 resonabunt
1059 1650 1238 1734 tranquillo,

111 1772 260 1834 asperam
286 1760 523 1837 tempestatem,
554 1751 633 1815 item
659 1750 758 1815 maris
783 1751 887 1836 ipsius
915 1752 1085 1836 tranquillo
1115 1753 1238 1817 sonitus

111 1873 285 1935 spumaeve
307 1852 472 1938 dispersae
494 1861 549 1916 aut
570 1873 671 1934 aquae
691 1850 861 1918 ballantes.
883 1853 1056 1919 Pulmones
1076 1852 1191 1915 marini
1204 1852 1238 1916 in

109 1953 227 2039 pelago
247 1952 388 2037 plurium
409 1954 536 2025 dierum
556 1953 693 2018 hiemem
714 1953 921 2038 portendunt.
945 1950 1051 2038 Saepe
1067 1964 1098 2017 et
1113 1952 1238 2018 silentio

109 2051 295 2118 intumescit
320 2055 462 2139 flatuque
489 2054 584 2121 altius
614 2054 705 2120 solito
740 2054 804 2119 iam
839 2053 923 2119 intra
952 2077 996 2139 se
1021 2076 1091 2119 esse
1123 2062 1238 2119 ventos
1318 2135 1326 2145 ³

109 2153 236 2218 fatetru.

153 2257 204 2321 86.
233 2256 279 2321 Et
303 2257 435 2341 quidam
464 2269 496 2324 et
516 2259 673 2323 montium
695 2257 819 2324 sonitus
840 2279 1071 2342 nemorumque
1093 2256 1237 2344 mugitus
1250 2273 1300 2318 aaa

109 2356 312 2442 praedicunt,
335 2369 370 2426 et
395 2359 462 2425 sine
485 2382 564 2424 aura
579 2382 660 2443 quae
675 2360 833 2425 sentiatur
847 2359 923 2424 folia
936 2358 1095 2436 ludentia,
1116 2358 1236 2445 lanugo

109 2457 222 2543 populi
244 2468 300 2523 aut
320 2460 432 2544 spinae
459 2460 595 2526 volitans
623 2458 780 2544 aquisque
808 2461 918 2543 pluma
944 2459 1110 2536 innatans,
1140 2469 1237 2541 atque

110 2559 208 2624 etiam
229 2559 263 2622 in
286 2560 409 2645 campis
431 2571 599 2626 venturam
620 2568 844 2646 tempestatem
864 2559 1062 2645 praecedens
1077 2581 1154 2624 suus
1169 2559 1234 2623 ira·

109 2682 184 2748 gor3
195 2660 288 2727 caeli
310 2661 439 2745 quidem
460 2683 606 2751 murmur
626 2682 692 2726 non
706 2660 836 2726 dubiam
852 2659 1116 2748 significationem
1129 2657 1234 2724 habet.

109 2835 126 2883 i.
138 2849 162 2883 e.
174 2833 250 2894 corbe,
268 2848 320 2896 qua
330 2848 394 2883 voce
404 2834 504 2885 Plinius
515 2850 577 2885 usus
590 2842 629 2886 est
640 2835 716 2884 etiam
729 2839 770 2895 36,
784 2838 825 2883 96.
847 2834 888 2884 De
899 2834 955 2896 ipsa
967 2833 1069 2896 quidem
1082 2844 1108 2878 re
1120 2829 1234 2879 testimo-

109 2901 181 2949 nium
199 2900 288 2950 afferre
305 2916 357 2950 non
374 2915 491 2965 possum;
511 2911 538 2952 at
555 2903 608 2952 tale
625 2901 686 2966 quid
698 2902 765 2950 credi
777 2901 890 2964 potuisse
902 2901 955 2948 non
967 2899 1071 2962 negabit
1083 2898 1126 2960 qui
1140 2904 1234 2948 ceteras

109 2968 187 3017 huius
204 2969 304 3030 generis
320 2969 511 3031 superstitiones
527 2969 731 3019 consideraverit.
754 2969 848 3018 Tracta
864 2969 916 3016 hnc
932 2967 1032 3016 videtur
1043 2965 1178 3015 notissima
1189 2966 1235 3013 ob·

109 3036 229 3096 servatio,
246 3038 278 3084 de
290 3049 340 3098 qua
351 3036 466 3098 loquitur
476 3036 543 3085 Plin.
555 3043 580 3099 2,
595 3043 651 3086 101.
664 3037 724 3086 coll.
737 3035 827 3085 Idaler.
840 3034 973 3083 meteorol.
987 3048 1011 3096 p.
1026 3039 1082 3083 164.
1095 3039 1120 3080 ct
1131 3034 1164 3081 ad
1175 3032 1233 3081 Ari-

109 3102 196 3152 stotel.
212 3111 316 3152 meteor.
333 3103 385 3151 vol.
401 3103 436 3151 IL
449 3118 474 3165 p.
487 3110 545 3153 244.
568 3144 601 3153 -
622 3101 751 3166 pendente,
768 3104 814 3151 ad.
839 3099 976 3164 pendentes,
991 3095 1044 3164 βγ.
1064 3140 1095 3148 ..
1118 3097 1235 3147 scintillae

109 3176 287 3230 macerantur,
299 3185 321 3218 a.
340 3176 509 3219 coacervantur
520 3169 645 3230 amantiae,
658 3165 730 3233 (Ιβγ.
750 3209 781 3218 ..
800 3166 838 3216 vei
848 3183 899 3216 cum
912 3165 1053 3229 tollentium
1071 3169 1122 3227 huc
1133 3167 1235 3232 respicit

109 3235 180 3286 Serv.
193 3237 226 3285 ad
238 3236 335 3298 Vergil.
348 3251 435 3300 georg.
450 3243 473 3295 1,
485 3243 543 3288 392.
562 3277 594 3286 -
613 3243 737 3298 contectas,
751 3236 844 3288 Sabell.
863 3229 990 3297 conamus,
1002 3236 1046 3285 ad.
1062 3277 1091 3286 ..
1111 3250 1171 3298 ese3
1186 3250 1233 3298 pro

109 3303 151 3354 his
162 3319 203 3352 vv.
215 3303 312 3353 habant
323 3311 357 3351 eat
368 3305 413 3353 ad.
432 3345 464 3354 ..
482 3304 572 3365 crased,
586 3305 610 3354 d.

144 3403 230 3464 §aaa
259 3403 395 3466 tranquillo,
410 3422 430 3454 r.
458 3402 585 3466 tranquillo
601 3403 634 3464 in,
652 3405 683 3455 Τ.
711 3402 863 3468 tranquillum
879 3403 912 3466 in,
929 3400 1021 3469 adssr.
1045 3445 1074 3454 ..
1103 3403 1233 3463 cursitabit,

43 3476 47 3481 '
109 3472 177 3521 Pint.
195 3487 266 3519 cursu
277 3471 359 3532 stabit,
371 3472 444 3522 Tad.
463 3487 560 3519 aeursu
571 3470 652 3533 stabit,
663 3466 714 3535 βγ.
733 3512 764 3520 -
782 3472 972 3535 murmurabitve,
983 3475 1020 3522 ita
1031 3489 1078 3522 nos
1089 3473 1234 3535 scripsimus

108 3540 202 3602 partim
214 3539 294 3588 secuti
306 3539 463 3598 Pintianum,
480 3539 523 3602 qni
535 3537 745 3588 murmuraveritve
761 3541 875 3589 coniecit.
901 3539 1059 3589 murmuravit
1069 3547 1102 3599 ut,
1113 3540 1147 3587 D.
1170 3554 1233 3586 mur·

108 3605 240 3655 moraverit
250 3613 283 3666 ut,
295 3607 349 3656 Td.
377 3604 541 3666 murmurabit,
553 3608 589 3656 a¹.
617 3604 780 3667 murmuravit,
792 3609 834 3656 a².
857 3613 881 3655 et
891 3606 1081 3666 murmuraverit,
1092 3600 1143 3668 βγ.
1164 3646 1194 3654 -
1212 3602 1237 3652 si

109 3671 269 3732 idemlieme,
287 3674 323 3723 ita
334 3689 382 3723 nos
395 3673 547 3737 scripsimus.
573 3673 597 3722 ri
613 3671 675 3722 idern
693 3672 797 3735 hiemem,
813 3690 836 3723 a.
862 3673 1037 3735 siidltiernem,
1054 3674 1107 3722 Ta.
1133 3670 1232 3720 aiiden-

109 3739 189 3802 tidem,
202 3747 225 3787 et
236 3738 340 3801 Memora,
352 3735 374 3800 β
377 3753 402 3803 γ.
421 3779 453 3788 -
471 3738 547 3790 litoris
557 3740 678 3805 ripaeque,
690 3758 710 3790 r.
728 3743 761 3792 V.
773 3743 904 3806 Theophr.
920 3736 982 3856 aspi
994 3737 1114 3807 σημείων
1128 3736 1232 3789 ὑδάτων

110 3814 134 3868 2,
147 3814 171 3858 4.
183 3823 210 3871 p.
224 3810 281 3857 790.
300 3848 332 3856 -
358 3807 382 3855 si
391 3808 665 3870 resonabunt-maris,
683 3824 733 3859 om.
745 3824 765 3859 r.
784 3849 815 3858 ..
844 3807 985 3872 tranquilos
1000 3823 1120 3871 asperam,
1137 3810 1181 3857 ad.
1201 3848 1231 3856 .-

109 3872 256 3938 tranquillua
270 3874 368 3934 sonitus,
384 3876 472 3925 Tadr.
497 3915 528 3925 ..
551 3873 665 3939 plurium,
682 3877 786 3926 Barbar.
803 3879 827 3926 d.
850 3874 986 3939 plurimum,
1003 3892 1025 3924 a.
1049 3878 1083 3926 V.
1100 3874 1232 3937 Theophr.

108 3943 126 3992 l.
138 3944 156 3993 l.
169 3950 194 4004 3,
208 3949 231 3993 8.
244 3957 269 4006 p.
284 3945 340 3993 794.
359 3981 390 3991 ..
401 3941 521 4006 flatuque,
533 3959 556 3993 a.
567 3942 711 4006 flatumque,
723 3946 747 3994 d.
757 3944 890 4008 fluctuque,
903 3944 969 3993 Pint.
988 3941 1125 4006 inflatuque,
1137 3942 1215 3991 Hand.

142 4045 230 4106 §de
256 4040 293 4090 Et
307 4039 413 4106 quidam,
431 4043 504 4093 Tad.
530 4042 567 4092 Et
582 4043 684 4108 quiden,
700 4045 733 4095 D.
760 4042 887 4107 Equidem,
903 4039 954 4107 βγ.
980 4084 1010 4092 ..
1037 4049 1059 4090 et
1074 4041 1193 4102 montium,
1209 4057 1232 4090 a.

109 4109 229 4170 mannum,
247 4110 299 4160 Td.
319 4150 350 4159 -
377 4117 400 4157 et
414 4109 464 4158 sinc
480 4120 549 4172 aura,
566 4113 699 4176 Theophr.
717 4113 734 4161 l.
751 4114 768 4162 l.
786 4119 810 4173 2,
825 4118 864 4162 ts.
881 4127 907 4175 p.
921 4115 977 4162 793.
996 4150 1027 4158 -
1051 4106 1148 4171 plumae
1164 4109 1233 4158 inna-

111 4179 259 4237 tantes,'1'd.
280 4219 311 4227 -
329 4177 461 4240 campanis,
473 4179 525 4228 Td.
544 4194 681 4242 campanus,
693 4196 716 4228 a.
736 4220 766 4229 ..
785 4186 906 4227 venturam
920 4184 1085 4242 tempestatem,
1098 4178 1142 4227 ad.
1164 4183 1231 4237 temp.

110 4251 179 4307 vent,
191 4239 246 4312 fir,
262 4285 294 4294 -
312 4242 507 4308 aipaificationem
520 4244 598 4309 babet,
609 4249 653 4298 ad.
672 4245 742 4297 babet
752 4247 843 4311 siqnifi,
854 4240 905 4309 βγ.
