2754 4726
403 288 472 336 nm.
490 289 564 336 xrx.
594 288 672 337 car.
689 289 712 336 1.
742 289 839 338 sacr.
855 293 917 361 Μ.
1159 275 1221 343 237

100 452 151 506 tur
171 439 204 504 in
227 460 343 522 aquam
368 439 491 505 solibus
514 439 718 525 tepefactam,
741 441 883 526 pondere
904 442 1010 526 aliquo
1032 442 1221 528 depressae3

96 540 173 606 nulli
202 541 288 605 enim
315 539 431 605 levitas
458 541 568 605 maior.
603 539 786 607 Maceratas
812 542 933 608 indicio
961 554 1010 610 est
1038 545 1222 613 membrana

95 641 249 718 laxatior,
282 641 464 725 iterumque
492 641 639 707 inversae
668 651 705 706 ut
732 643 822 728 prius
851 642 916 709 sole
939 643 1114 725 siccantur,
1147 669 1223 712 mox

94 743 255 808 arefactae
276 742 310 805 in
332 764 410 808 saxo
433 742 611 807 tunduntur
640 743 807 828 stuppario
828 744 953 810 malleo.
982 743 1081 826 Quod
1101 768 1221 832 proxu-

95 866 183 909 mum
206 842 317 909 cortici
340 843 403 908 fuit
424 854 542 930 stuppa
564 843 758 930 appellatur,
787 844 952 910 deterioris
974 845 1048 922 lini,
1074 845 1222 912 lucorna-

95 968 167 1010 rum
195 944 264 1009 lere
290 943 465 1008 luminibus
494 945 617 1030 aptior3
652 956 683 1010 et
710 945 783 1029 ipsa
811 955 919 1011 tamen
945 947 1087 1033 pectitur
1109 946 1223 1011 ferreis

95 1046 212 1124 hamis,
233 1044 336 1110 donec
356 1044 459 1110 omnis
481 1044 666 1110 membrana
686 1045 908 1111 decorticetur.
930 1046 1094 1113 Medullae
1108 1032 1221 1112 nuiue=
1238 1065 1270 1111 ts

95 1145 199 1211 rosior
219 1144 382 1210 distinctio
404 1145 557 1225 candore,
586 1146 730 1211 mollitia'.
767 1145 954 1231 Linumque
979 1169 1055 1212 nere
1083 1156 1116 1211 et
1144 1145 1223 1211 viris

98 1247 251 1313 decorum
272 1257 331 1310 est.
356 1243 503 1311 Cortices
523 1266 649 1330 quoque
671 1245 799 1311 decussi
815 1247 950 1313 clibanis
964 1258 997 1312 et
1011 1247 1113 1325 furnis
1127 1269 1222 1334 prae-

97 1349 176 1414 bent
197 1369 302 1412 usum.
324 1341 390 1412 Ars
412 1347 602 1433 depectendi
624 1347 873 1434 digerendique3
896 1348 1015 1413 iustum
1030 1370 1048 1412 e
1064 1349 1224 1433 quinqua-

96 1449 189 1536 genis
211 1448 346 1513 fascium
366 1446 457 1513 libris
478 1447 593 1532 quinas
621 1447 719 1514 denas
741 1448 918 1514 carminari.
955 1448 1079 1514 Iterum
1106 1447 1223 1515 deinde

97 1549 207 1615 iufilo
229 1548 364 1633 politur,
392 1548 522 1614 inlisum
544 1549 656 1615 crebro
676 1549 710 1613 in
733 1549 822 1614 silice
844 1571 884 1614 ex
905 1570 1006 1632 aqua,
1036 1560 1223 1635 textumque

98 1671 209 1715 rursus
231 1650 376 1715 tunditur
398 1650 512 1728 clavis,
536 1672 662 1735 semper
682 1650 799 1715 iniuria
820 1649 944 1715 melius.

141 1754 172 1816 4.
193 1750 367 1816 Inventum
387 1751 451 1814 iam
473 1762 523 1815 est
544 1750 640 1816 etiam
662 1750 751 1835 quod
769 1749 899 1837 ignibus
914 1772 977 1816 non
992 1750 1222 1817 absumeretur.
1238 1771 1270 1817 ra

98 1853 217 1918 Vivom
243 1851 278 1915 id
305 1862 436 1927 vocant,
464 1850 672 1935 ardentisque
697 1850 732 1915 in
760 1850 841 1916 focis
868 1851 1087 1916 conviviorum
1117 1875 1159 1917 ex
1185 1874 1224 1917 eo

99 1953 246 2017 vidimus
267 1973 401 2038 mappas
430 1951 577 2016 sordibus
606 1951 729 2016 exustis
751 1950 1005 2034 splendescentis
1030 1951 1099 2036 igni
1120 1951 1225 2038 magis
1302 2019 1310 2033 ,

100 2075 197 2137 quam
218 2058 351 2138 'possent
372 2053 475 2136 aquis.
510 2052 638 2140 Regum
659 2051 735 2116 inde
757 2051 908 2116 funebres
935 2051 1060 2117 tunicae
1083 2051 1225 2137 corporis

99 2154 239 2219 favillam
261 2153 301 2219 ab
323 2153 446 2237 reliquo
468 2162 618 2238 separant
640 2153 757 2219 cinere.
779 2150 931 2218 Nascitur
944 2151 979 2216 in
993 2151 1127 2218 desertis
1142 2152 1223 2218 'adu-

100 2256 223 2339 stisque
246 2256 313 2320 sole
334 2253 457 2332 Indiae,
478 2255 535 2320 ubi
556 2276 622 2319 non
644 2253 762 2319 cadunt
783 2253 920 2331 imbres,
942 2254 1027 2318 inter
1048 2253 1133 2320 diras
1155 2276 1225 2321 ser-

99 2357 216 2444 pentis,
239 2355 462 2439 adsuescitque
485 2355 593 2422 vivere
615 2355 772 2432 ardendo,
794 2376 903 2418 rarum
924 2352 1072 2431 inventu,
1094 2354 1224 2420 difficile

101 2466 193 2522 textu
214 2467 346 2542 propter
366 2455 573 2534 brevitatem
606 2456 697 2520 ruins
724 2455 764 2519 de
793 2463 898 2520 cetero
920 2454 1007 2519 colos
1030 2453 1224 2540 splendescit

99 2556 177 2645 igni
210 2554 296 2621 Cum
315 2557 483 2622 inventum
503 2566 563 2635 est,
585 2566 703 2639 aequat
724 2554 829 2641 pretia
849 2554 1073 2619 excellentium
1094 2576 1222 2643 marga·
1236 2576 1270 2619 ao

99 2658 249 2734 ritarum3
277 2668 410 2724 vocatur
430 2668 538 2722 autem
564 2678 584 2721 a
607 2653 743 2722 Graecis
764 2654 950 2720 asbestinon
972 2675 1013 2719 ox
1034 2665 1224 2742 argumento

100 2769 242 2825 naturae
280 2758 460 2824 Anaxilaus
481 2767 592 2823 auctor
613 2767 662 2823 ost
687 2757 786 2824 linteo
814 2777 853 2821 eo
880 2754 1109 2820 circumdatam
1129 2755 1224 2821 arbo·

101 2962 212 3032 acdssr.
233 3007 264 3016 ..
283 2965 441 3028 effluebat,
453 2967 551 3082 appril.
569 2964 706 3027 moubrai,
719 2960 832 3030 acdssr.
845 3005 876 3016 ..
895 2964 1000 3015 diximus
1013 2971 1052 3029 12,
1064 2969 1105 3016 38.
1118 3005 1149 3014 ..
1167 2979 1224 3029 pen·

101 3033 140 3093 tie,
151 3035 248 3098 Appul.
265 3033 372 3098 pericla,
384 3036 448 3084 aed.

134 3121 203 3182 §lo
229 3117 357 3167 casuariis
369 3117 394 3166 in
405 3133 438 3180 se,
450 3118 481 3168 T.
509 3115 757 3177 incontrara't'siase,
773 3109 844 3166 Ocd.
869 3115 895 3164 ia
908 3114 1037 3165 casuariis
1048 3115 1074 3164 ia
1085 3112 1134 3172 sed,
1147 3130 1170 3165 a.
1199 3113 1224 3164 ia

101 3184 248 3234 carnarium
260 3184 357 3234 interae
368 3184 450 3246 uersis,
462 3181 514 3249 βγ.
533 3225 564 3234 -
580 3182 699 3248 sarciam,
715 3176 793 3233 OTd.
811 3181 918 3247 socium,
930 3197 951 3232 c
965 3182 1092 3248 soritium,
1104 3199 1128 3234 a
1147 3223 1178 3232 -
1202 3190 1225 3232 et

101 3253 126 3301 in
138 3251 249 3316 quodum,
261 3267 282 3302 c.
300 3251 372 3302 etiam
383 3250 453 3316 quod,
465 3254 511 3303 ad.
530 3292 562 3301 ..
580 3249 633 3298 cibo
643 3247 687 3299 secl
697 3248 754 3312 iam,
767 3265 808 3301 ac.
826 3249 894 3300 cibas
904 3249 984 3314 etium,
995 3252 1020 3300 d.

135 3340 203 3400 §tn
229 3334 471 3398 Poatdeinde,acd.
491 3377 522 3386 -
547 3333 708 3396 triticeauad.
733 3334 923 3398 vinciendae
943 3377 974 3386 -
998 3336 1223 3400 tepefactum‚acd.

101 3445 134 3454 ..
152 3403 242 3454 indicio
254 3411 296 3466 eat,
309 3406 333 3456 d.
351 3403 417 3453 indie
428 3401 553 3466 idem,ac.
572 3443 604 3452 -
623 3401 810 3466 erimusne.
829 3444 860 3452 -
884 3401 1065 3465 tunduntur,c¹.
1090 3401 1223 3463 mudantur,

100 3472 182 3522 ac²d.
195 3513 226 3522 ..
239 3470 372 3536 εωρρανίο,
380 3472 415 3520 1).
432 3469 543 3534 stipam,
551 3486 574 3520 a
592 3469 771 3534 suppettusu.
788 3469 906 3535 crapario,
914 3466 965 3535 βγ.
978 3511 1010 3521 ..
1022 3479 1118 3534 stuppa,
1126 3471 1222 3520 Dacd.

99 3534 244 3604 stupaflr.
268 3579 299 3588 -
322 3537 522 3600 haudmar.
549 3532 705 3600 amis,8ae.
730 3537 854 3600 enia’l'd.
880 3537 1044 3601 uenb,Pint.
1070 3538 1222 3588 Emendatio

99 3621 162 3656 vora
172 3607 288 3656 nondum
298 3607 409 3656 inventa.

135 3693 204 3754 518.
231 3688 360 3753 dictinctio,
372 3690 416 3741 cd.
434 3688 570 3753 destinatio,
582 3706 621 3742 ar.
638 3730 671 3742 ..
681 3689 763 3752 sauia,
775 3705 798 3741 a
817 3730 848 3739 -
867 3688 1103 3740 mauritarum.
1120 3687 1223 3750 Deinde,

104 3749 134 3806 θ.
159 3798 190 3806 -
215 3757 352 3821 positurae.
376 3798 407 3807 ..
434 3757 460 3806 in
471 3756 581 3820 silicea.
608 3755 680 3818 silici,
695 3758 791 3809 D’l'cd
808 3755 895 3821 (codd.
907 3757 1015 3808 Salmas.
1032 3771 1114 3807 exerc.
1127 3770 1152 3820 p.
1166 3762 1222 3808 538.

100 3840 124 3875 a
136 3822 180 3888 F.)
199 3865 231 3874 -
249 3832 387 3889 usumque,
399 3840 434 3876 ac
446 3822 531 3888 (codd.
545 3823 616 3888 Gal.)
635 3831 772 3889 testumque,
784 3825 809 3874 d.
828 3865 859 3874 ..
878 3822 992 3884 tonditur,
1003 3827 1028 3875 d.

136 3911 204 3972 §la
231 3916 321 3958 matum
332 3907 410 3972 sorde,
421 3908 518 3975 Appul.
530 3924 556 3974 p.
569 3914 627 3961 263.
645 3949 676 3958 -
694 3906 779 3970 exutis,
791 3923 813 3958 c.
832 3948 864 3959 ..
881 3905 1071 3972 splendescentes,
1082 3910 1127 3958 ad.
1145 3905 1222 3971 apien-

101 3975 217 4039 decrerim
229 3991 250 4027 c.
269 3975 437 4041 splenduerant,
449 3978 546 4042 Appul.
565 4018 596 4026 -
619 3992 691 4040 quarn
703 3974 767 4025 aliae
779 3990 852 4038 aqua,
864 3973 962 4041 Appul.
980 4015 1012 4024 -
1036 3973 1091 4034 sole,
1104 3990 1155 4024 om.
1167 3975 1222 4040 Ap-

99 4045 154 4108 pul.
167 4060 193 4108 p.
207 4050 266 4095 264.
285 4085 316 4094 ..
335 4041 421 4093 Indiae
433 4043 497 4106 beia,
509 4045 607 4108 Appul.
625 4085 657 4093 -
677 4040 753 4105 diras,
765 4058 807 4094 ac.
826 4040 902 4104 deror,
915 4044 939 4092 d.
957 4041 1027 4091 diros
1037 4057 1113 4103 suet,
1124 4043 1222 4107 Appul.

103 4152 135 4160 ..
153 4110 294 4173 ardendum,
306 4111 402 4174 Appnl.
422 4153 452 4161 -
472 4119 563 4174 tectum,
574 4113 672 4176 Appul.
685 4153 716 4161 ..
735 4109 797 4160 coloe
809 4108 937 4172 resarciri
948 4125 998 4158 cum
1011 4108 1063 4172 iqui
1073 4107 1222 4172 splendescit,

102 4179 206 4310 Apppp
222 4246 304 4310 precio
315 4246 463 4311 marqaritaa
474 4254 552 4310 meat,
563 4247 660 4310 Appnl.
679 4286 710 4296 ..
728 4262 759 4295 oc
771 4244 883 4306 vertbou,
892 4244 990 4308 Appul
1012 4243 1150 4305 eumanum,
1159 4245 1222 4293 aad.

504 3033 610 3099 peaiatr'e,
622 3034 698 3084 codd.
709 3033 823 3083 Barbari.
