2754 4726
369 314 438 358 uns.
455 313 528 359 xnr.
559 312 636 359 oar.
652 313 727 360 vru.
757 311 855 361 secr.
871 317 903 358 u.
917 315 948 358 e.
1149 298 1210 363 275

92 465 268 552 longinqua
296 462 410 527 viridis
427 462 606 541 adservari,
630 464 657 527 si
680 464 786 528 statim
807 463 928 557 desecti
949 463 996 529 ita
1015 486 1056 528 ne
1078 464 1211 532 humum

92 565 252 651 attingant
273 562 306 628 in
329 562 425 628 cados
446 562 507 629 olei
530 586 626 647 quam
647 585 803 650 proxume
826 565 961 630 siccatos
981 562 1211 651 obturatosque

91 665 269 730 condantur
290 664 376 729 omni
398 664 513 750 spiritu
536 663 674 731 excluso.
708 665 792 731 Sunt
813 665 868 749 qui
891 664 1033 752 plantam
1053 664 1087 729 in
1104 677 1211 732 trans·

91 763 225 830 ferendo
253 764 327 850 alga
354 762 483 829 subdita
509 765 656 849 pediculo
677 765 793 830 nitrive
815 765 882 829 triti
919 765 1003 849 quod
1026 765 1128 831 tribus
1159 767 1210 831 di-

90 865 167 952 gitis
193 865 340 950 capiatur
365 863 548 936 celeriorem
573 865 615 930 ad
642 866 856 931 maturitatem
883 865 953 930 fieri
979 875 1109 952 putent;
1139 876 1212 933 sunt

89 965 146 1050 qui
176 987 285 1031 semen
313 964 410 1029 trifoli
439 965 623 1050 nitrumque
650 966 745 1032 simul
766 966 877 1031 tritum
899 966 1097 1054 adspergant
1116 966 1212 1033 foliis.

89 1067 220 1131 Nitrum
242 1066 276 1130 in
298 1066 465 1150 coquendo
481 1066 575 1131 etiam
593 1066 786 1132 viriditatem
808 1067 958 1146 custodit,
980 1076 1036 1133 aut
1052 1067 1215 1153 Apiciana

89 1177 233 1245 coctura,
260 1167 333 1232 oleo
355 1189 393 1232 ac
414 1167 496 1245 sale,
524 1167 710 1252 priusquam
732 1178 910 1252 coquantur
935 1167 1114 1234 maceratis.
1150 1168 1212 1234 Est
1227 1184 1274 1228 144

89 1269 173 1333 inter
193 1266 310 1332 herbas
339 1289 443 1354 genus
469 1266 634 1351 inserendi
659 1267 813 1352 praecisis
834 1266 1035 1354 germinibus
1056 1276 1089 1333 et
1110 1268 1211 1335 caulis

90 1366 123 1432 in
144 1367 318 1433 medullam
342 1367 464 1434 semine
485 1389 525 1433 ex
547 1367 618 1433 aliis
639 1367 765 1444 addit03
787 1367 849 1433 boo
871 1369 959 1433 etin
973 1390 1143 1434 cucumere
1154 1369 1211 1435 sil·

89 1469 199 1534 vestri.
221 1468 377 1534 Necnon
399 1468 470 1533 olus
491 1488 620 1553 quoque
641 1469 787 1534 silvestre
808 1479 858 1534 est
878 1468 945 1534 divi
964 1468 1026 1534 Iuli
1049 1470 1212 1556 triumpho

89 1568 284 1635 carminibus
305 1564 478 1655 praecipue
499 1566 643 1653 iocisque
664 1569 857 1635 militaribus
878 1568 1090 1647 celebratum3
1113 1571 1210 1636 alter·

88 1671 140 1735 nis
168 1671 288 1757 quippe
315 1670 464 1736 versibus
492 1669 730 1758 exprobravere
754 1671 889 1757 lapsana
915 1693 952 1737 se
978 1670 1097 1738 vixisse
1122 1672 1210 1760 apud

86 1770 315 1847 Durrachium,
338 1771 555 1857 praemiorum
566 1771 796 1856 parsimoniam
811 1770 1017 1850 cavillantem
1038 1781 1210 1840 astantem

85 1871 120 1935 id
143 1893 238 1955 cyma
258 1871 425 1936 silvestris.

16 1965 17 1968 '
128 1972 182 2035 42.
208 1967 365 2036 Omnium
388 1969 422 2034 in
454 1969 557 2034 bortis
587 1988 695 2036 rernm
722 1971 900 2037 lautissima
928 1992 1006 2038 eura
1031 1973 1208 2060 asparagis.
1224 1987 1270 2032 14⁵

86 2069 140 2136 De
168 2069 292 2157 origine
325 2090 435 2135 eonrm
463 2071 496 2134 in
523 2069 724 2136 silvestribus
752 2072 839 2138 curis
871 2070 1000 2138 abunde
1026 2072 1149 2139 dictum
1176 2084 1210 2140 et

87 2171 247 2256 quomodo
270 2192 326 2236 eos
346 2171 474 2237 iuberet
495 2167 580 2236 Cato
599 2171 634 2236 in
654 2171 878 2239 harundinetis
901 2172 973 2239 sem.
995 2171 1059 2240 Eat
1073 2184 1106 2239 et
1119 2175 1208 2241 aliud

84 2294 189 2361 genus
209 2271 361 2338 incultius
382 2293 559 2358 asparago,
591 2272 701 2339 mitius
724 2273 875 2352 corruda,
907 2273 1030 2359 passim
1055 2275 1152 2340 etiarn
1173 2274 1207 2339 in

84 2372 248 2439 montibus
269 2394 416 2452 nascens,
438 2371 569 2438 refertis
590 2373 764 2463 superioris
779 2371 974 2440 Germaniae
988 2374 1120 2462 campis,
1143 2397 1207 2441 non

83 2473 211 2541 inficeto
237 2473 349 2540 Tiberi
378 2471 530 2540 Caesaris
560 2472 647 2540 dicto
685 2474 817 2540 herbam
849 2473 895 2539 ibi
926 2476 1088 2560 quandam
1118 2476 1207 2541 nasci

49 2694 52 2699 .
84 2648 160 2699 misit.
179 2645 292 2696 viridibus
303 2645 440 2706 amatis,
451 2641 502 2711 βγ.
522 2686 553 2696 -
572 2643 665 2704 saara
677 2647 721 2698 Τό
734 2643 856 2710 (Appul.)
874 2642 967 2708 dorsera,
983 2661 1005 2695 e.
1023 2643 1114 2705 directi,
1131 2664 1154 2697 a.
1174 2686 1205 2698 ..

83 2712 144 2764 eodo
160 2713 216 2776 soli,
233 2713 331 2778 Appul.
355 2753 383 2762 -
412 2710 596 2775 obduratusque,
613 2710 647 2762 cl
673 2711 851 2776 opimlatosorae,
868 2712 922 2762 Τὰ.
945 2753 976 2762 -
1004 2710 1143 2772 wadannrr,
1160 2714 1205 2766 Tu
1300 2752 1306 2767 .

83 2779 208 2847 (appu.)
232 2779 374 2840 condantur,
388 2774 478 2845 nostr.
497 2820 529 2830 ..
552 2776 638 2833 &dive
653 2779 711 2840 triti,
728 2781 760 2831 Τ.
786 2769 982 2848 nitrlssfvessltriti,
994 2781 1019 2830 d.
1044 2779 1206 2842 aimmtriti,

82 2864 126 2900 ac.
152 2849 241 2898 nitrooe
254 2842 379 2912 trituris.
398 2887 429 2897 ..
451 2863 528 2897 semen
541 2845 688 2911 trifoliiao.
713 2846 932 2912 remearisoliid.
954 2887 986 2898 ..
1009 2846 1204 2912 unamquaae.

83 2915 178 2978 numm,
190 2919 213 2966 d.
233 2955 264 2966 ..
286 2910 387 2963 wadii
397 2912 549 2977 additam
561 2915 586 2964 (1
605 2954 637 2964 -
660 2920 688 2964 at
697 2911 723 2964 ia
733 2910 864 2979 Apbiona,
874 2908 964 2966 Doleo.
984 2914 1051 2966 Mihi
1067 2916 1205 2979 legendnm

82 2986 182 3035 videno
191 2990 247 3032 ante
258 2980 287 3046 (i.
300 2997 323 3033 s.
333 2978 427 3044 nawa),
440 2988 470 3031 nt
480 2983 547 3033 Plin.
559 2982 628 3032 dicat
637 2982 732 3033 nitrum
743 2982 858 3033 caulibus
869 2982 896 3032 in
907 2983 1040 3045 coquendo
1052 2983 1204 3035 viriditatem

82 3052 218 3112 custodire,
235 3051 256 3101 si
273 3040 354 3109 antea,
371 3050 517 3113 priusquam
534 3057 684 3115 coquantur,
700 3049 829 3114 Apiciana
844 3056 950 3100 coctura
964 3049 981 3098 'a
993 3064 1015 3099 c.
1033 3050 1092 3100 oleo
1109 3065 1139 3100 ac
1150 3052 1204 3102 sale

81 3120 132 3170 sint
144 3117 271 3169 macerati.

116 3216 131 3278 ἓ
145 3224 202 3268 144.
225 3213 350 3278 inserendi,
366 3231 388 3267 c.
411 3213 548 3277 inserendis,
565 3217 609 3266 ad.
629 3254 660 3264 ..
683 3222 707 3264 et
717 3211 794 3263 carabi
804 3212 829 3264 in
842 3213 980 3278 medellam,
998 3217 1035 3268 ita
1043 3232 1091 3268 nos
1102 3220 1202 3283 scripsi-

82 3300 146 3335 mus.
164 3291 188 3332 et
197 3283 273 3333 caulis
284 3290 308 3332 et
318 3282 344 3332 in
356 3280 493 3346 medullam·
501 3286 546 3333 ad.
569 3289 593 3330 et
603 3280 678 3332 aaa&
689 3290 712 3331 et
722 3279 856 3345 medullam,
867 3297 889 3332 c.
911 3282 987 3334 conlib
998 3290 1021 3332 et
1031 3284 1056 3333 in
1068 3283 1202 3348 medullata,

80 3346 132 3418 βγ.
153 3392 183 3401 ..
210 3349 299 3412 abdito,
312 3368 332 3401 r.
350 3392 382 3400 ..
410 3348 461 3400 olas
477 3364 567 3414 quoqne
583 3347 689 3398 ababa
706 3356 747 3410 est,
763 3353 826 3401 aad
852 3358 888 3399 eat
902 3348 1008 3400 sdvaeter
1023 3350 1075 3401 olna
1091 3351 1201 3418 lapsana,

81 3419 178 3483 Appul.
194 3435 219 3484 p.
232 3424 288 3470 280.
309 3459 340 3468 ..
365 3417 409 3467 tiri
418 3416 464 3466 iuli
474 3415 597 3481 triumpho,
610 3418 706 3483 Appul.
730 3418 799 3466 tuam
807 3417 932 3480 serliornm,
949 3417 1002 3468 diri
1009 3416 1075 3481 Iulii,
1088 3417 1201 3486 acdfir.

82 3485 263 3550 triumphorum,
281 3487 398 3537 Torrent.
418 3487 450 3536 ad
467 3484 536 3536 Suet.
555 3483 628 3536 caea
646 3491 686 3536 68.
713 3483 837 3549 triumphis
853 3484 895 3536 vel
911 3487 996 3551 potins
1013 3487 1202 3550 triumphalibus,

81 3555 170 3604 Dalee.
183 3552 315 3604 Perillam
327 3553 455 3616 egregiam
465 3552 498 3603 ab
510 3551 640 3616 Appuleio
653 3559 777 3603 serratam
788 3552 937 3616 scripturam
949 3554 1013 3604 mira
1024 3552 1069 3603 illa
1080 3557 1131 3605 divi
1142 3556 1201 3605 Iulii

81 3622 194 3671 carmina
206 3629 366 3682 evanescunt,
378 3634 436 3670 cnm
447 3619 578 3682 genetivus
589 3616 641 3668 divi
649 3615 711 3668 Iulii
719 3634 773 3669 non
784 3620 892 3685 amplius
902 3623 1012 3686 pendeat
1024 3636 1040 3670 a
1051 3620 1201 3684 carminibis,

81 3691 126 3738 sed
141 3689 206 3745 haec
221 3688 276 3751 ipsa
293 3703 346 3736 vox
361 3687 394 3737 sit
410 3687 587 3750 coniungenda
598 3700 656 3735 cum
672 3683 824 3749 militaribur3
843 3688 993 3751 copulaque
1004 3702 1065 3738 vero
1077 3703 1110 3738 ex
1121 3689 1201 3740 notis

81 3754 147 3804 simo
160 3755 206 3804 sslo
218 3770 266 3804 usu
278 3755 430 3818 explicanda
441 3761 490 3814 est,
507 3767 559 3818 quo
571 3767 602 3803 ea
613 3753 759 3818 saepissime
771 3755 834 3805 duas
844 3768 920 3805 voces
931 3756 1042 3805 eiusdem
1059 3771 1149 3808 sensus
1165 3758 1202 3808 ita

81 3823 227 3886 coniungit,
244 3829 274 3871 ut
285 3822 411 3885 posterior
422 3821 585 3886 explicationi
595 3820 715 3871 inserviat
729 3821 833 3886 prioris3
855 3836 879 3870 v.
896 3836 944 3872 nos
960 3823 993 3871 ad
1009 3828 1051 3883 36,
1070 3829 1109 3874 15.
1127 3825 1202 3874 etad

81 3887 160 3939 (lirim
172 3905 196 3939 v.
208 3893 267 3940 263.
288 3888 329 3939 De
344 3887 455 3939 ablativo
472 3885 589 3952 nimphe
604 3903 629 3936 v.
641 3890 675 3938 ad
686 3893 728 3949 ³2,
742 3892 798 3938 113.
817 3928 848 3938 ..
868 3887 1041 3952 precipueque
1054 3887 1163 3955 locbqroe,
1176 3893 1200 3941 d.

83 3996 114 4006 ..
132 3964 167 4004 ert
177 3953 421 4017 annm-alvertus,
433 3957 496 4007 acd.
513 3968 544 4004 ee
554 3961 590 4003 ert
600 3968 669 4020 qma
678 3953 800 4018 alvari,
810 3955 908 4020 Appnl.
920 3971 946 4021 p.
958 3961 1017 4008 281.

115 4053 200 4115 5145.
224 4055 250 4104 ia
260 4055 334 4104 lsortb
345 4071 430 4118 rernm,
441 4057 472 4108 Τ.
498 4054 745 4118 barubrartmmd.
771 4053 1010 4123 barlaamum
1029 4097 1061 4108 ..
1084 4056 1200 4108 hadoui-

80 4121 149 4183 siraa,
162 4124 193 4173 T.
213 4164 244 4174 -
268 4124 293 4172 in
305 4132 363 4173 ante
374 4121 517 4173 almanus
532 4124 614 4175 omitt.
626 4125 691 4173 aed.
710 4164 741 4173 -
768 4121 868 4186 mande,
884 4127 948 4175 scd.
974 4123 1105 4187 arboribus,
1115 4127 1148 4178 Κ.
1168 4166 1199 4176 ..

81 4186 222 4253 dictasslfi,
237 4194 293 4242 173.
312 4230 343 4240 -
367 4193 491 4252 erased.
510 4230 542 4240 ..
565 4188 786 4250 αηικᾰὺιώ,ιοᾶ.
805 4230 836 4240 ..
860 4189 1095 4250 ὑιαοκιῶω,αοὰ.
1117 4193 1201 4242 mean-

82 4253 192 4322 bsr,ssy.
211 4297 242 4309 ..
261 4257 365 4321 inficeto,
379 4249 646 4320 O'l'acdiaseitodl.
664 4253 816 4321 infeodati.
911 4318 917 4327 ι
980 4322 997 4355 3
