2754 4726
352 311 501 360 maxx.
532 296 737 360 can.1x.x.'
754 310 950 363 snorum¹
1147 296 1210 362 alt
1312 337 1316 344 ·

60 453 66 475 ⁸
91 463 178 530 utilis
206 482 276 528 esse
308 461 406 527 adicit
433 475 463 528 et
492 462 620 528 difficile
648 464 801 548 concoqui
831 486 872 529 ex
898 464 931 530 vi
959 462 1211 548 uniuscuiusque

93 576 236 629 naturae.
1096 626 1106 645 ,

131 665 184 729 41.
207 662 381 729 Bulbinem
395 661 515 731 Graeci
537 675 652 732 vocant
672 664 804 731 herbam
825 666 987 753 porraceis
1008 664 1104 753 foliis,
1125 664 1212 730 rubi·
1227 682 1274 732 101

90 767 196 832 cundo
218 766 327 832 bulbo.
356 766 450 833 Haeo
472 768 609 833 traditur
630 767 812 840 volneribus
834 768 914 833 mire
935 767 1023 834 utilis
1045 768 1211 835 dumtaxat
1264 828 1273 841 ,

89 865 283 933 recentibus.
306 865 433 933 Bulbus
455 891 550 953 quem
572 870 775 935 vomitorium
796 878 914 936 vocant
934 869 975 936 ab
997 869 1115 936 effectu
1136 871 1213 938 folia

90 968 188 1033 babet
208 967 313 1055 nigra,
337 970 452 1035 ceteris
474 970 630 1058 longiora.
1034 1025 1037 1031 .

136 1067 182 1133 X.
210 1069 262 1134 42.
297 1068 497 1136 Utilissimus
531 1071 693 1138 stomacho
723 1071 814 1137 cibus
847 1071 999 1158 asparagi
1027 1071 1297 1150 traduntur310s
1335 1124 1342 1136 .

92 1169 221 1236 cumino
255 1170 386 1253 quidem
416 1171 528 1237 addito
554 1171 733 1238 inflationes
767 1172 922 1238 stomachi
954 1171 1078 1256 colique
1105 1172 1214 1239 discu-

94 1271 188 1348 tiunt,
209 1270 429 1363 iidemnoculis
451 1272 628 1339 claritatem
650 1272 809 1352 adferunt,
831 1284 974 1339 ventrem
995 1273 1111 1338 leniter
1131 1273 1213 1339 mol-

91 1370 188 1449 liunt,
227 1373 365 1459 pectoris
400 1381 433 1438 et
465 1373 578 1460 spinae
612 1373 776 1438 doloribus
809 1373 1097 1458 intestinorumque
1128 1374 1215 1439 vitiis

94 1481 237 1557 prosunt,
260 1472 335 1537 vino
350 1494 424 1538 oum
438 1484 620 1558 coquantur
634 1473 754 1539 addito.
777 1473 835 1557 Ad
848 1473 1029 1540 lumborum
1043 1486 1075 1538 et
1090 1474 1214 1540 renium

94 1572 218 1638 dolores
241 1595 350 1638 semen
372 1573 536 1640 obolorum
559 1575 655 1640 trium
675 1574 830 1660 pondere,
852 1575 924 1660 pari
947 1575 1065 1640 cumini
1080 1573 1214 1640 bibitur.

94 1671 256 1738 Venerem
271 1675 443 1754 stimulant,
455 1675 580 1740 urinam
596 1675 682 1740 cient
696 1675 877 1752 utilissime,
889 1685 1113 1762 praeterquam
1129 1675 1216 1760 quod
1230 1693 1279 1738 toa

94 1774 235 1839 vesicam
253 1775 447 1840 exulcerant.
472 1775 580 1841 Radix
599 1797 727 1860 quoque
743 1775 963 1862 plur-umorum
976 1776 1215 1863 praedicatione

94 1875 170 1940 trita
191 1886 224 1939 et
238 1875 272 1938 in
287 1874 363 1940 vino
378 1874 451 1940 albo
464 1885 542 1961 pota
556 1875 695 1940 calculos
709 1897 838 1960 quoque
852 1875 1013 1956 exturbat,
1035 1875 1216 1943 lumborum

94 1988 126 2040 et
154 1975 280 2041 renium
308 1975 435 2041 dolores
461 1975 569 2053 sedat;
598 1975 730 2059 quidam
752 1976 847 2042 etad
868 1976 979 2041 volvae
1001 1976 1142 2044 dolorem
1162 2000 1215 2044 ra·

95 2076 199 2141 dicem
227 2098 300 2141 oum
322 2076 397 2141 vino
424 2076 511 2142 dulci
538 2076 720 2163 propinant.
756 2075 880 2142 Eadem
908 2077 942 2143 in
971 2088 1060 2144 aceto
1082 2078 1217 2145 decocta

95 2187 207 2241 contra
229 2175 464 2263 elephantiasin
484 2177 621 2264 pmfieit.
653 2177 825 2265 Asparago
847 2178 920 2243 trito
943 2199 984 2245 ex
1004 2177 1074 2246 oleo
1095 2202 1215 2266 perun-

98 2289 185 2342 ctum
207 2278 309 2365 pungi
331 2278 371 2344 ab
394 2277 510 2365 apibus
532 2289 661 2365 negant.
1053 2318 1057 2325 ’

138 2379 190 2443 43.
214 2377 400 2444 Silvestrem
414 2402 607 2466 asparagum
624 2379 723 2463 aliqui
738 2381 917 2459 corrudam,
940 2380 1038 2466 aliqui
1052 2382 1215 2468 Libycum
1230 2397 1280 2444 llo

96 2489 223 2558 vocant,
246 2479 349 2545 Attici
370 2481 538 2546 orminum.
559 2479 670 2546 Huius
690 2480 733 2545 ad
755 2503 852 2566 supra
874 2482 961 2548 dicta
982 2483 1088 2548 omnia
1108 2483 1216 2550 effica-

95 2580 163 2645 cior
191 2579 242 2645 vis
275 2591 308 2645 et
340 2580 517 2647 candidiori
550 2579 668 2655 maior3
710 2578 858 2645 morbum
889 2582 1016 2667 regium
1048 2592 1215 2660 extenuat3

98 2681 224 2746 veneris
250 2701 348 2745 cansa
375 2702 491 2766 aquam
512 2701 623 2746 eorum
644 2680 810 2746 decoctam
829 2679 898 2747 bibi
918 2681 1031 2749 iubent
1051 2683 1093 2748 ad
1113 2683 1216 2749 hemi·

96 2804 172 2845 nam
179 2805 187 2856 3
219 2780 260 2844 ad
287 2780 373 2846 idem
400 2791 431 2846 et
459 2803 568 2848 semen
594 2782 680 2847 valet
707 2803 780 2848 cum
807 2792 902 2848 aneto
929 2784 1028 2850 ternis
1048 2783 1216 2868 utriusque

97 2882 208 2948 obolis.
237 2881 345 2947 Datur
366 2892 399 2948 et
420 2882 462 2947 ad
488 2883 684 2969 serpentium
704 2883 790 2949 ictus
812 2905 908 2950 sucus
928 2883 1096 2963 decoctum
1122 2884 1216 2951 radix

97 2983 251 3049 miscetur
271 2983 372 3049 radici
394 2984 548 3050 marathri
568 2984 653 3050 inter
674 2983 893 3051 efficacissima
913 2984 1042 3052 auxilia.
1075 2983 1113 3052 Si
1140 3008 1215 3052 san·
1230 2999 1297 3046 111‘

98 3084 173 3171 guis
193 3107 253 3171 per
273 3085 399 3150 urinam
419 3085 583 3166 reddatur,
606 3108 714 3152 semen
741 3096 774 3152 et
799 3086 948 3172 asparagi
970 3097 1003 3151 et
1029 3087 1083 3173 api
1104 3097 1138 3153 et
1158 3109 1215 3153 cu-

130 3261 215 3322 §loa
239 3258 371 3324 porraceis,
388 3259 493 3309 Barbar.
508 3275 531 3309 a.
554 3257 674 3322 porreeti,
690 3261 714 3309 d.
736 3257 831 3322 parata,
848 3259 920 3311 codd.
936 3259 1049 3312 Barbari.
1068 3300 1099 3312 ..
1122 3259 1216 3312 Bulbus

96 3341 162 3389 quem
174 3326 329 3388 vomitorium,
341 3341 364 3376 v.
376 3327 494 3377 Dioscor.
506 3329 531 3387 2,
543 3331 601 3377 201.

130 3412 145 3474 ς
160 3416 215 3461 tos.
237 3409 380 3460 Utilissimua
391 3407 509 3458 stomacho
520 3408 593 3471 abus,
605 3427 628 3462 a.
649 3408 717 3460 Inter
727 3408 862 3460 ammam
872 3409 987 3462 ammorii
997 3411 1068 3474 cubos,
1083 3406 1164 3465 OTd.
1182 3455 1215 3466 -

97 3476 231 3539 mudantur,
244 3471 342 3529 orac.
361 3485 387 3525 ut
398 3475 509 3539 traditur,
520 3473 549 3539 β.
566 3479 608 3528 De
618 3493 646 3529 re
657 3494 680 3528 v.
692 3479 808 3531 Dioscor.
821 3483 846 3541 2,
857 3482 913 3530 151.
925 3487 952 3530 ot
961 3480 1029 3530 Pliu.
1039 3480 1127 3532 Valsr.
1140 3486 1164 3542 4,
1173 3488 1215 3533 80.

97 3586 128 3594 -
146 3544 382 3609 tidem-adserunt,
395 3559 477 3595 amr.
497 3585 528 3594 -
546 3553 685 3608 coquuntur,
700 3538 749 3596 Oa.
776 3541 998 3612 aequatumdstr.
1016 3586 1048 3598 ..
1071 3546 1170 3610 adicem
1185 3541 1215 3600 θ.

98 3653 128 3662 ..
147 3611 263 3662 obolorum
276 3613 353 3671 trium,
365 3613 410 3661 ad.
429 3610 498 3660 trium
510 3611 636 3673 obolorum,
647 3608 697 3678 βγ.
717 3653 748 3663 ..
764 3613 830 3677 puri,
842 3621 960 3678 aparte,
975 3607 1054 3664 O'l'd.

130 3699 145 3761 ς
159 3703 214 3748 109.
238 3705 406 3761 praeterquam
422 3693 496 3759 quod3
515 3696 583 3746 hanc
598 3697 747 3762 scripturam
764 3712 798 3748 ex
811 3692 835 3758 β
848 3697 973 3749 revocari
1029 3703 1094 3747 actor
1108 3697 1179 3763 quod,
1194 3717 1215 3759 ι,

93 3773 270 3828 praeterquam,
283 3767 349 3827 adr.
368 3805 398 3813 -
418 3761 602 3824 extuberatum,
614 3780 637 3815 a.
664 3758 836 3824 erlabaratal,
849 3766 872 3815 d.
891 3804 922 3814 ..
949 3779 963 3812 r
1001 3762 1007 3776 ’
1054 3767 1119 3826 ,ad
1137 3807 1169 3817 ..
1191 3768 1217 3818 a

96 3833 158 3890 uino,
170 3835 214 3882 ad.
232 3849 262 3881 ca
273 3832 334 3892 aino,
346 3827 397 3897 βγ.
417 3872 448 3881 ..
466 3828 631 3894 elephantiam,
642 3847 662 3881 r.
682 3871 714 3880 -
732 3846 762 3880 err
772 3829 830 3892 oleo,
843 3825 942 3881 orac.
959 3844 1012 3879 cum
1023 3828 1120 3895 ⁰1⁶0,ss-

130 3918 145 3980 §
160 3922 215 3967 110.
238 3915 316 3980 aliqui
325 3913 459 3977 corrudam,
477 3918 549 3967 codd.
561 3915 670 3967 Salmas.
682 3917 713 3966 de
724 3914 785 3979 hyle
796 3929 821 3979 p.
834 3919 875 3965 ³³.
888 3929 911 3964 a.
925 3911 955 3966 (l
973 3912 1066 3970 opita
1074 3917 1173 3995 'l'adpq
1189 3923 1217 3968 at

96 3983 645 4048 v.19,151.etAppul.medie.herb.84.
664 4023 696 4032 -
722 3981 850 4043 omninum,
866 3982 939 4033 codd.
952 3980 1059 4034 suma.
1085 3997 1176 4045 amous,
1192 4001 1215 4036 ι

96 4050 187 4110 omnim,
200 4054 224 4101 d.
243 4051 393 4112 lamentum,
405 4052 438 4101 K.
456 4049 588 4113 anuinium,
600 4045 629 4112 β.
647 4049 789 4112 humanata,
800 4063 825 4114 γ.
842 4049 877 4100 V.
888 4051 922 4101 ad
935 4053 975 4111 ts,
990 4053 1046 4100 lot.
1058 4090 1090 4100 ..
1111 4051 1215 4101 marom

96 4119 194 4184 rupium,
207 4123 250 4169 ad.
272 4119 375 4182 Reyium
386 4119 498 4180 morbum
554 4155 561 4169 .
580 4159 612 4169 ..
630 4125 763 4180 eamauam,
773 4119 818 4168 ad.
836 4157 868 4167 -
889 4114 926 4166 ad
935 4124 994 4170 autc
1005 4112 1067 4167 idas
1079 4132 1130 4170 om.
1141 4120 1216 4170 Tad.

98 4227 128 4235 ..
147 4187 274 4250 utriusque,
286 4187 360 4236 Tad.
378 4131 554 4248 utnusqual.

133 4273 148 4335 ξ
163 4277 217 4322 111.
236 4279 259 4320 et
269 4268 395 4336 asparapt',
411 4261 509 4320 orsu
526 4269 651 4337 asparaqi,
661 4265 712 4336 βγ.
