2754 4726
392 311 461 359 nra.
476 313 549 360 xm.
579 310 658 359 oar.
675 311 708 359 r.
725 312 771 358 v1.
804 310 900 359 sacr.
916 313 998 355 aar.
1189 295 1246 358 261

132 463 286 542 Taurica3
316 473 391 548 post
417 462 475 528 hos
502 463 535 528 in
557 461 672 528 Africa
698 461 763 530 nati
789 483 937 528 maxume
958 461 1145 562 laudantur,
1176 482 1250 526 mox

47 632 51 649 ι
131 563 242 649 Apuli.
266 560 398 629 Genera
421 561 542 629 Graeci
563 562 645 630 haec
666 562 792 628 fecere:
814 560 978 640 hulbinen,
1000 561 1155 640 setanion,
1178 561 1250 645 opi'·

131 666 235 742 tiona,
258 663 364 749 cyica,
387 665 550 743 leucoion,
572 663 723 752 aegilipa,
745 662 959 748 sisyn'nchion
966 687 975 739 3
998 663 1033 727 in
1053 663 1251 729 hoc'mirum

129 765 212 831 imas
238 765 308 831 eius
330 765 456 831 radices
478 786 622 831 crescere
642 764 760 842 hieme,
782 786 881 830 verno
903 773 1023 841 autem,
1055 785 1129 828 cum
1149 761 1250 849 adpa-
1350 803 1353 809 ·

130 866 231 933 ruerit
256 864 356 945 viola,
387 866 487 931 minui
518 889 556 932 ac
584 864 741 944 contrahi,
776 876 853 931 tunc
881 864 997 931 deinde
1024 862 1157 930 bulbum
1178 862 1250 949 pin-

130 989 296 1054 guescere.
319 966 381 1032 Est
401 967 487 1032 inter
507 989 627 1055 genera
648 976 681 1033 et
701 965 789 1051 quod
808 966 843 1031 in
853 966 1010 1052 Aegypto
1033 987 1112 1029 aron
1127 972 1251 1041 vocant,
1265 980 1297 1025 aa

131 1067 239 1133 scillae
270 1088 463 1152 proxumum
491 1067 719 1154 amplitudine,
752 1067 839 1134 loliis
866 1066 1007 1153 lapathi,
1041 1065 1133 1131 caule
1165 1075 1253 1133 recto

130 1167 230 1233 duum
251 1169 452 1247 cubitorum,
475 1169 580 1235 baculi
603 1168 830 1247 crassitudine,
853 1167 962 1233 radice
983 1165 1147 1240 mollioris,
1158 1174 1251 1231 natu·

130 1290 199 1347 rae,
227 1290 310 1352 quae
337 1280 428 1335 estur
453 1278 488 1335 et
515 1269 624 1334 cruda.
661 1267 868 1334 Effodiuntur
895 1267 984 1334 bulbi
1012 1278 1085 1333 ante
1112 1279 1253 1333 versut

130 1367 305 1435 deteriores
325 1369 411 1435 illico
430 1369 523 1448 fiunt,
539 1423 575 1434 ..
592 1369 722 1455 signum
743 1368 936 1434 maturitatis
951 1368 1028 1433 folia
1041 1367 1252 1433 inarescentia

129 1469 170 1536 ab
184 1469 260 1548 imo,
271 1522 313 1536 ..
329 1469 520 1537 vetustiores
534 1469 756 1555 inprobantur,
767 1468 846 1536 item
859 1469 948 1554 longi
959 1491 997 1535 ac
1011 1469 1103 1554 parvi
1111 1492 1121 1544 3
1142 1478 1252 1534 contra
1266 1484 1296 1529 ar

132 1569 318 1636 rubicundis
339 1569 644 1655 rotundioribusque
665 1569 736 1636 laus
755 1578 788 1636 et
801 1568 1036 1656 grandissimis.
1059 1568 1252 1633 Amaritudo

129 1671 290 1757 plerisque
319 1671 353 1736 iu
379 1671 500 1738 vertice
526 1682 590 1750 est,
619 1670 726 1737 media
752 1692 865 1736 eorum
893 1669 1008 1735 dulcia
1044 1668 1166 1735 Bulbos
1188 1692 1250 1735 non

128 1772 217 1838 nasci
239 1771 302 1836 nisi
324 1792 344 1837 e
365 1771 487 1839 semine
508 1770 633 1857 priores
655 1771 868 1850 tradiderunt,
895 1771 953 1838 sed
974 1771 1008 1835 in
1029 1770 1251 1837 Praenestinis

128 1870 251 1957 campis
278 1881 394 1956 sponte
421 1882 597 1938 nascuntur
623 1893 662 1938 ac
690 1871 758 1936 sine
785 1871 879 1938 modo
906 1871 1001 1939 etiam
1022 1871 1057 1936 iu
1078 1871 1250 1937 Remorum

123 1994 225 2039 arvis.
293 2018 298 2027 .

170 2071 232 2138 VI.
256 2073 308 2139 31.
342 2071 528 2140 Hortensiis
554 2072 702 2139 omnibus
724 2072 792 2140 fere
815 2073 962 2162 singulae
984 2073 1118 2149 radices,
1141 2082 1177 2137 ut
1197 2094 1249 2137 ra-
1265 2089 1296 2133 aa

128 2172 248 2259 phano,
271 2173 375 2257 betae,
403 2174 494 2259 apio,
525 2174 669 2253 malvae,
703 2174 900 2259 amplissima
921 2185 1028 2241 autem
1049 2174 1192 2262 lapatho,
1214 2185 1250 2240 ut

128 2291 211 2357 quae
232 2273 406 2343 descendat
426 2275 470 2340 ad
492 2274 553 2340 tria
574 2274 698 2352 cubita3
722 2275 861 2342 silvestri
882 2274 986 2342 minor
1007 2287 1039 2342 et
1061 2274 1179 2353 umida,
1202 2274 1249 2340 el-

130 2374 217 2441 fossa
236 2396 365 2460 quoque
387 2375 445 2441 diu
466 2375 562 2454 vivit3
584 2376 778 2460 quibusdam
793 2388 901 2443 tamen
915 2377 1095 2464 capillatae,
1110 2386 1148 2441 ut
1162 2374 1248 2460 apio,

128 2476 268 2555 malvae,
290 2476 484 2560 quibusdam
510 2475 708 2556 surculosae,
735 2489 773 2543 ut
793 2477 912 2556 ocimo,
936 2477 1007 2542 aliis
1028 2496 1190 2554 carnosae,
1213 2484 1249 2539 ut

128 2575 223 2641 betae
245 2589 301 2643 aut
322 2578 428 2662 magis
449 2577 624 2644 etiamnum
645 2599 740 2644 emec
747 2603 757 2656 3
779 2577 896 2662 aliquis
918 2601 959 2644 ex
972 2577 1091 2644 cortice
1108 2586 1140 2643 et
1153 2597 1249 2643 carne

129 2688 286 2756 constant,
307 2688 346 2745 ut
366 2679 522 2766 raphano,
542 2678 641 2767 rapis,
659 2679 860 2764 quorundam
880 2677 1083 2766 geniculatae
1105 2688 1192 2754 sunt,
1212 2685 1250 2742 ut

130 2892 160 2901 ..
178 2850 293 2916 aequipo,
305 2852 340 2903 ita
350 2861 399 2903 nos
410 2852 555 2917 scripsimus
568 2868 601 2905 cx
612 2853 726 2917 vestigiis
737 2853 861 2919 codicum,
878 2843 1052 2921 aspysssssippa,
1064 2867 1087 2901 a
1106 2846 1187 2915 aeqyli
1192 2864 1249 2913 par,

129 2934 151 2968 a
177 2917 296 2983 eprltpaa
309 2920 334 2969 d.
359 2917 477 2983 canapo,
488 2914 538 2984 βγ.
563 2921 618 2972 blac
632 2919 738 2984 vulgata
752 2935 800 2972 nee
816 2935 833 2970 a
843 2921 916 2971 nobis
927 2919 1044 2970 restimta
1055 2918 1137 2969 forma
1147 2917 1249 2968 aliunde

128 2994 198 3036 nota
221 3026 253 3037 ..
275 2985 428 3051 aboryeliom
445 2989 510 3038 aad.
531 2988 566 3039 V.
577 2987 724 3040 Schneider.
735 2989 787 3039 ind
800 2988 933 3052 Theophr.
946 2988 977 3039 Τ.
990 2988 1024 3037 V.
1035 3002 1060 3049 p.
1074 2991 1131 3037 toa.
1144 3001 1163 3036 s.
1175 3001 1198 3035 v.
1211 2999 1247 3033 or·

128 3049 274 3119 συριγχίον.
286 3094 316 3102 -
329 3052 405 3102 minui
411 3070 449 3115 aa,
458 3055 494 3104 ita
502 3069 550 3105 nos
559 3056 713 3120 scripsimus„
731 3054 909 3115 minothaea.
927 3053 1004 3103 minas
1012 3060 1039 3102 at
1047 3051 1099 3114 loo,
1109 3069 1133 3103 a.
1151 3051 1249 3112 atinate,

129 3122 153 3170 d.
171 3119 245 3175 mium
255 3128 284 3183 et,
293 3117 345 3185 βγ.
363 3123 403 3171 De
414 3138 444 3170 ac
454 3122 551 3173 litterae
563 3138 576 3170 c
587 3124 725 3187 praemissa
735 3139 759 3172 v.
769 3125 802 3173 ad
813 3128 855 3183 32,
867 3128 908 3172 24.
922 3163 952 3171 -
973 3129 1034 3181 tanc,
1047 3124 1112 3172 aod.
1132 3128 1186 3181 tam,
1197 3114 1248 3183 βγ.

162 3209 231 3272 596.
257 3210 319 3261 inter
330 3211 540 3276 lacrymali.
569 3253 597 3263 ..
627 3221 699 3273 atur,
719 3205 747 3263 θ.
773 3219 858 3274 eretur,
875 3213 921 3263 D¹.
949 3210 1034 3275 editur,
1050 3214 1097 3262 D2.
1124 3209 1212 3272 edetrrr,
1224 3228 1247 3262 a.

128 3286 203 3340 satur,
215 3295 237 3330 c.
254 3278 349 3341 aeritur,
361 3281 386 3329 d.
404 3277 497 3340 edatm,
507 3277 559 3345 βγ.
578 3321 608 3330 -
628 3277 770 3340 Fodiuatar,
782 3279 879 3346 Appul.
891 3296 916 3346 p.
928 3285 985 3332 ata.
1005 3321 1036 3330 ..
1046 3282 1121 3345 fiunt,
1134 3283 1150 3332 d
1162 3278 1247 3343 (codd.

129 3345 196 3408 Get,
207 3344 317 3410 Appul.)
327 3345 418 3412 fidunt,
431 3362 453 3397 o.
462 3345 571 3410 findunt,
583 3364 607 3398 a
617 3346 686 3410 fiunt
695 3345 860 3410 aifiaduatur,
871 3365 891 3398 r.
901 3348 971 3412 fiant
981 3347 1145 3414 aisiamenta,
1157 3347 1246 3398 Dalec.

130 3453 160 3462 ..
178 3414 331 3476 maturitatis,
340 3431 364 3465 a.
380 3408 781 3481 malummtdestdedmppnl.)
795 3457 825 3466 -
843 3414 1166 3481 amaracinamppul.)
1184 3431 1247 3465 mar-

128 3481 250 3541 cescentia,
262 3483 295 3532 K.
312 3481 472 3544 inarescentia,
484 3483 508 3532 d.
526 3481 690 3545 increscentes,
702 3499 724 3533 c.

162 3575 231 3637 §th
257 3572 445 3637 vetustioresque,
458 3574 490 3626 Τ.
504 3615 536 3624 -
554 3575 825 3640 taprotaaar,hpp111.
844 3574 986 3640 improbant,
998 3571 1111 3639 acdssr.
1130 3616 1161 3624 -
1181 3573 1248 3638 lonqe

128 3639 246 3703 anparai,
262 3641 358 3705 Appul.
386 3640 613 3706 loayoaacparvoa,
629 3644 663 3694 D.
690 3641 911 3707 loaqosetparvor,
928 3660 971 3694 ac.
998 3642 1205 3708 loaposeparvia,
1223 3645 1246 3692 d.

127 3721 215 3768 parvos
226 3715 249 3756 et
260 3706 349 3772 leopos,
360 3704 411 3773 βγ.
436 3749 466 3758 -
493 3707 587 3759 Bulbos
597 3708 862 3788 mnmdaaiacd.
889 3708 1247 3774 Noaaosoieosaai,Appul.

129 3813 160 3823 ..
178 3773 296 3836 eramiae,
311 3766 384 3825 Oad.
410 3774 645 3841 etsemirre.Appul.
672 3773 847 3839 manusueti.
869 3777 1029 3838 eremiaime,
1042 3793 1064 3827 c.
1087 3818 1118 3827 ..
1143 3775 1248 3837 tradam,

127 3840 224 3906 Appul.
243 3883 274 3892 ..
297 3839 732 3908 eda‚u(hppu1.)adain,u.
754 3843 874 3906 raetia,
889 3837 980 3910 Oacr.
1001 3841 1126 3907 redemi.
1151 3885 1180 3895 ..
1204 3860 1247 3893 aa·

127 3916 231 3969 scantur,
243 3925 294 3961 om.
306 3924 329 3959 c.
348 3950 379 3959 ..
397 3910 473 3975 apris,
484 3911 581 3977 Appul.

160 3994 176 4056 ξ
189 3997 230 4044 98.
256 3992 422 4057 Horteaabar,
434 3995 482 4047 Tr.
499 3995 572 4046 Hace
583 4003 685 4060 sumpta
696 4004 756 4047 sunt
767 4010 800 4046 ex
812 3996 943 4060 Theophr.
956 3997 1015 4047 hist
1027 3997 1106 4061 plant.
1116 3996 1137 4044 L
1147 4000 1170 4056 6,
1181 4001 1204 4045 6.
1217 4036 1246 4044 -

62 4114 66 4123 ,
122 4057 187 4121 fore,
200 4062 225 4110 d.
239 4100 270 4110 ..
288 4060 404 4125 amulas,
416 4065 440 4112 d.
454 4103 484 4112 ..
504 4061 609 4128 lqaatbo,
621 4064 751 4127 Theophr.
763 4064 780 4113 l.
793 4063 810 4113 l.
824 4063 884 4114 VII.
897 4070 922 4125 Ξ,
936 4069 958 4115 7.
972 4105 1002 4114 ..
1022 4061 1247 4123 minoretlanrida,

129 4127 223 4178 Tacd.
250 4127 327 4177 minor
338 4127 442 4192 mata,
458 4132 491 4182 K.
517 4131 618 4180 minores
630 4126 788 4198 numidae&
815 4172 847 4181 -
874 4131 1013 4197 autmupia,
1030 4148 1053 4181 a.
1079 4138 1105 4178 at
1121 4130 1205 4195 mapa,
1223 4132 1246 4179 d.
1341 4180 1350 4199 ,ἱ

130 4194 212 4259 mepta,
224 4211 247 4246 c.
266 4235 296 4246 ..
316 4196 457 4260 adamnano,
469 4213 492 4248 a.
511 4237 543 4248 -
560 4195 657 4262 aliqua,
670 4201 713 4250 cd.
731 4196 858 4261 aliquibus,
869 4194 939 4263 adr.
955 4239 985 4248 ..
1003 4214 1075 4247 carae
1086 4205 1109 4246 et
1120 4196 1213 4256 cortice,
1224 4198 1246 4246 d.
