2754 4726
503 289 573 336 nm.
588 290 661 337 x1x.
691 287 789 337 sacr.
807 293 823 333 1.
923 356 933 364 ·
1164 273 1226 338 233

103 450 222 507 aestate
245 461 321 504 vero
343 461 501 525 proxuma
523 437 673 503 Valerius
690 438 858 505 Marianus
881 459 922 505 ex
943 439 1110 526 praetoriis
1133 462 1225 505 sena·

104 540 228 607 toribus
256 562 275 604 a
302 539 448 605 Puteolis
475 562 559 605 nona
593 539 645 606 die
676 539 839 605 lenissimo
868 539 966 605 flatu?
997 538 1130 606 herbam
1157 556 1256 605 essee

103 663 185 727 quae
209 637 314 705 Gadis
341 640 383 704 ad
405 639 559 706 Herculis
587 639 749 706 columnas
778 651 925 726 septumo
947 640 998 706 die
1021 638 1148 706 Ostiam
1169 640 1227 705 ad-

102 742 185 807 ferat
206 750 239 807 et
261 740 443 806 citeriorem
463 724 657 826 Hispaniam
679 751 804 826 quarto,
826 741 1023 827 provinciam
1039 739 1227 806 Narbonen-

106 863 172 906 sem
194 840 300 919 tertio,
323 839 468 907 Africam
486 842 598 918 altero,
621 842 705 925 quod
730 840 825 906 etiam
846 841 1032 907 mollissimo
1053 840 1131 905 flatu
1152 862 1229 907 con·

105 939 179 1027 tigit
201 937 242 1007 G.
263 938 379 1006 Flavio
400 941 506 1027 legato
527 940 606 1007 Vibi
628 939 737 1027 Crispi
758 941 979 1028 proconsulis?
1011 941 1132 1007 Audax
1153 940 1230 1017 vita,

107 1042 264 1107 scelerum
285 1041 395 1128 plena,
424 1041 544 1126 aliquid
565 1043 629 1108 seri
651 1054 686 1107 ut
708 1054 822 1109 ventos
843 1043 1001 1128 procellas
1022 1041 1175 1127 recipiat,
1199 1052 1231 1106 et

105 1163 221 1228 pamm
238 1163 310 1207 esse
324 1140 475 1207 fluctibus
498 1142 575 1207 solis
597 1142 683 1220 vehi,
705 1142 770 1206 iam
791 1164 866 1208 vero
887 1164 947 1208 neo
968 1143 1040 1208 vela
1062 1141 1138 1206 satis
1160 1162 1230 1207 esse

105 1243 227 1307 maiora
240 1241 380 1328 navigiis
386 1265 395 1317 ;
419 1241 476 1306 sed
495 1242 643 1326 quamvis
664 1242 865 1326 amplitudini
886 1252 1097 1308 antennarum
1116 1243 1259 1330 singu-s

106 1343 155 1409 lae
184 1342 315 1408 arbores
345 1342 526 1420 sufficiant,
560 1364 659 1428 super
686 1363 740 1407 eas
768 1352 875 1408 tamon
901 1342 977 1407 addi
1004 1343 1147 1408 velorum
1168 1342 1231 1407 alia

101 1428 180 1508 ¹uela
205 1450 396 1527 praeterque
421 1442 455 1506 in
482 1441 587 1528 proris
615 1452 647 1507 et
675 1441 738 1507 alia
757 1441 798 1506 ’in
818 1441 983 1528 puppibus
1004 1443 1104 1527 pandi
1124 1464 1163 1509 ac
1184 1453 1231 1507 tot

108 1541 212 1607 modis
238 1543 406 1628 provocari
433 1555 568 1609 mortem
574 1569 583 1620 3
617 1541 757 1626 deniquo
786 1551 850 1607 tam
878 1563 980 1627 parvo
1001 1543 1122 1609 semine
1142 1541 1233 1608 nasci

109 1641 197 1727 quod
218 1641 327 1706 orbem
349 1651 506 1707 terrarum
527 1642 610 1710 ultro
633 1641 713 1706 citro
734 1651 857 1727 portet,
887 1651 952 1706 tam
977 1642 1091 1729 gracili
1118 1663 1231 1720 avena,

110 1754 175 1807 tam
196 1764 260 1810 nou
282 1743 345 1807 alte
367 1766 387 1807 a
410 1744 521 1809 tellure
540 1742 677 1825 sublata,
700 1762 805 1825 neque
826 1741 860 1808 id
882 1741 1004 1809 viribus
1026 1742 1093 1809 suis
1114 1763 1232 1810 nexum

112 1842 170 1908 sed
198 1842 337 1908 fractum
366 1853 560 1928 tunsumque
586 1853 619 1908 et
644 1843 678 1907 in
706 1843 871 1909 mollitiem
896 1845 989 1909 lanae
1016 1854 1160 1909 coactum
1180 1844 1232 1906 in-

109 1943 193 2007 iuria
218 1952 354 2009 naturae
380 1965 419 2008 ac
447 1965 571 2008 summa
592 1943 729 2008 audacia
750 1953 782 2008 et
798 1989 904 2008 .....
926 1943 1105 2029 pervenire.
1136 1941 1262 2008 Nullas

111 2043 288 2110 exsecratio
302 2043 423 2109 sufficit
437 2054 546 2109 contra
559 2043 758 2110 inventorem
773 2042 895 2109 dictum
917 2065 976 2109 suo
997 2043 1067 2110 lo'co
1088 2065 1108 2108 a
1128 2043 1233 2123 nobis,

112 2142 164 2208 oui
185 2143 263 2209 satis
284 2165 348 2209 non
368 2144 431 2209 fuit
451 2144 612 2210 hominem
632 2145 665 2210 in
688 2158 773 2210 terra
791 2145 882 2223 mori,
905 2145 968 2211 nisi
988 2144 1110 2232 periret
1130 2155 1162 2210 et
1182 2146 1233 2209 in·

114 2244 269 2328 sepultus.
300 2243 346 2308 At
365 2267 425 2309 nos
446 2246 553 2330 priore
564 2245 656 2311 ‘libro
677 2242 788 2309 imbris
815 2255 848 2311 et
867 2245 962 2312 flatus
983 2245 1142 2313 cavendos
1163 2245 1233 2310 iru-

113 2366 192 2428 gum
214 2364 311 2408 causa
332 2344 502 2428 victusque
522 2344 808 2431 praemonebamus
814 2369 824 2422 3
852 2368 928 2413 ecce
954 2346 1071 2412 seritur
1097 2346 1235 2411 hominis

114 2464 222 2522 manu,
245 2444 374 2509 metitur
390 2445 539 2511 eiusdem
560 2445 697 2512 hominis
717 2445 849 2531 ingenio
869 2446 956 2530 quod
970 2456 1083 2512 ventos
1100 2445 1135 2508 in
1153 2443 1234 2507 mari

115 2613 176 2664 cneii
192 2612 234 2664 das
250 2615 399 2680 inscriptions
420 2614 538 2680 eraque
560 2624 583 2664 et
598 2615 700 2665 Latinas
717 2614 746 2665 de
764 2614 876 2681 l'Eyypta
894 2623 917 2677 1,
934 2622 991 2666 233.
1013 2623 1038 2665 et
1057 2617 1148 2664 Franz.
1166 2628 1233 2677 corp.

114 2683 237 2746 inscripta
255 2682 360 2734 Graeca
378 2690 402 2745 3,
415 2689 473 2734 all.
497 2682 619 2746 Babillas,
636 2686 693 2734 aod
710 2681 819 2747 (Appul.
836 2697 862 2746 p.
875 2680 946 2744 262.)
961 2697 987 2746 γ.
1012 2679 1133 2741 Rutilius,
1149 2675 1178 2740 β.
1201 2720 1233 2729 ..

114 2750 310 2879 ansntp,ssqppnl.
336 2789 367 2798 -
393 2749 520 2814 proximo,
543 2750 567 2801 d.
594 2750 779 2814 postXV,s.
807 2749 993 2813 p'XVa,c
1016 2788 1048 2798 ..
1077 2748 1234 2808 manaen.

148 2901 201 2962 §a
223 2897 314 2961 nasa,
326 2901 390 2950 aod.
409 2940 441 2949 -
463 2899 504 2960 ad,
516 2915 560 2951 ao.
586 2901 625 2962 ab,
637 2902 661 2950 d.
683 2916 720 2961 aa,
736 2900 804 2950 Pina
824 2939 854 2949 -
876 2898 995 2960 columna,
1012 2899 1055 2947 cd.
1075 2936 1107 2946 -
1128 2895 1234 2960 septim,

115 2966 213 3030 Appul.
230 2965 339 3029 septima,
351 2968 416 3017 aad.
425 3008 457 3016 -
471 2966 608 3027 citerionim,
620 2982 642 3018 c
659 2974 794 3029 aaronem
806 2982 830 3017 a
843 3006 875 3016 ..
887 2964 992 3029 contipit,
1004 2965 1096 3015 Tacd.
1114 2963 1235 3027 concapit,

114 3026 144 3093 β.
163 3072 194 3081 ..
217 3031 312 3093 blavio,
325 3033 377 3082 To.
405 3032 507 3094 Floram,
524 3049 566 3084 ao.
592 3033 690 3094 Flacco,
707 3029 736 3094 β.
756 3075 787 3083 -
814 3031 933 3092 scelerum,
946 3047 988 3082 ac.
1015 3028 1234 3091 eteoclemmffll

116 3096 280 3162 malorumque,
297 3100 330 3149 Κ.
353 3140 384 3149 -
408 3098 512 3162 planam,
529 3116 543 3150 c
559 3101 646 3163 (codd.
664 3101 770 3151 Salmas.
788 3114 870 3148 exerc.
888 3114 913 3162 p.
928 3105 984 3150 184.
1000 3100 1025 3148 b.
1037 3099 1083 3158 Β.,
1107 3098 1150 3160 qni
1165 3097 1236 3147 vada

116 3163 240 3228 coniicit).
259 3206 290 3214 -
314 3165 440 3229 procellas,
457 3183 480 3216 ιι.
503 3166 666 3230 procellosas,
679 3181 701 3216 c.
720 3164 940 3229 praeamara.
961 3163 1132 3228 prmdlasqne,
1144 3161 1234 3229 ddpp
1282 3214 1289 3221 ,

116 3229 170 3296 (ap.
183 3233 295 3283 Gronov.
307 3233 412 3283 miscell.
425 3249 450 3296 p.
463 3232 534 3296 850.)
545 3230 596 3298 βγ.
616 3272 648 3282 -
671 3232 782 3296 recipiat,
793 3249 816 3282 a.
839 3231 928 3296 capent,
940 3234 1010 3284 Tcd.
1030 3273 1060 3282 ..
1084 3231 1235 3297 aflectibus,

116 3313 138 3348 c.
156 3339 188 3348 ..
207 3298 318 3363 navaie,
331 3302 370 3349 d2.
389 3299 490 3364 manipli,
503 3300 580 3351 acd¹.

151 3392 202 3454 55.
223 3388 326 3439 scaleam
338 3391 387 3451 vic,
399 3393 467 3443 Pint.
486 3431 518 3440 -
541 3392 789 3452 antemnarnm,acd
808 3431 840 3440 ..
863 3390 889 3439 in
901 3389 990 3454 praesb,
1006 3392 1064 3441 aed
1079 3388 1234 3453 (coddGel.

117 3464 143 3506 et
155 3455 294 3519 Salmasii).
320 3456 374 3507 alia
384 3457 508 3522 inparatis,
522 3453 574 3523 βγ.
593 3499 625 3508 ..
651 3456 714 3507 altro
728 3457 796 3520 citro,
813 3459 910 3522 Appnl.
926 3473 951 3522 p.
964 3461 1021 3508 262.
1048 3455 1235 3519 almocitroqus,

116 3519 229 3588 acdssr.
246 3524 280 3574 V.
293 3527 325 3573 ad
337 3531 379 3586 35,
393 3531 458 3586 161„
470 3525 515 3574 ubi
526 3526 576 3575 iam
588 3526 710 3576 delendus
722 3533 760 3575 est
770 3540 890 3576 numerus
902 3525 978 3574 huius
989 3524 1047 3574 loci.
1066 3564 1097 3573 ..
1122 3530 1170 3570 mm
1182 3538 1235 3582 non,

117 3586 288 3654 cd(Appul.)
315 3599 457 3653 tamennon,
469 3607 492 3641 a.
512 3631 543 3640 -
566 3608 590 3654 a,
606 3594 700 3642 Tacd.
726 3593 870 3655 ot‚Appul.
896 3589 937 3653 ad,
951 3591 1052 3641 Thuan.
1065 3605 1105 3653 ap.
1119 3589 1236 3649 Salmas,

117 3658 323 3719 quiabconiicit.
342 3698 374 3707 -
399 3656 583 3720 tellure,Tacd
599 3655 723 3724 (Apan)
749 3655 863 3721 terrast.
882 3699 913 3708 ..
938 3657 1041 3718 sublata,
1055 3658 1154 3721 Apul.
1177 3654 1235 3716 tolli,

117 3719 257 3788 Tacdssr.
277 3765 308 3773 ..
335 3726 482 3786 nexamine
496 3740 544 3775 nos
561 3727 713 3790 scripsimus.
739 3741 808 3788 nasa,
825 3727 922 3790 Appul.
949 3724 1016 3785 necti,
1032 3672 1144 3788 acduiy.
1171 3723 1235 3783 ncta,

117 3791 220 3840 Thuan.
233 3799 258 3841 et
269 3793 363 3854 Rigalt
375 3808 416 3855 ap.
429 3792 546 3853 Salmas,
563 3795 606 3856 qui
618 3791 665 3842 niti
675 3793 782 3844 coniicit.
801 3832 832 3842 -
846 3794 965 3856 fractum,
978 3793 1022 3842 Τό
1039 3788 1162 3856 (Appul.)
1181 3807 1236 3853 pre-

119 3857 188 3916 tinm,
206 3873 247 3907 ao.
274 3874 380 3920 passum,
396 3853 430 3920 β,
454 3860 524 3921 quod
540 3860 650 3923 praefert
666 3859 770 3911 Gesner.
789 3861 926 3910 chrestom.
944 3874 969 3923 p.
986 3864 1044 3910 601.
1068 3899 1100 3908 -
1126 3866 1236 3916 naturae,

118 3925 200 3972 omitt.
213 3927 297 3990 acdy.
317 3965 347 3973 ..
369 3932 399 3984 et,
411 3927 475 3975 aod.
499 3933 522 3973 ct
533 3942 586 3988 quo,
601 3922 630 3987 β,
648 3927 684 3976 ita
700 3936 729 3976 ut
739 3928 804 3976 haec
815 3928 891 3976 verba
903 3927 936 3976 ad
947 3927 1079 3990 sequentia
1089 3926 1235 3975 referantur.

118 4005 152 4049 eo,
165 3992 243 4040 Hard.
255 4005 279 4053 γ.
302 3991 339 4040 At
350 4000 434 4055 spreta
449 3994 498 4041 hac
509 3993 704 4056 interpolatione
715 4000 775 4057 post
786 3995 905 4059 copulam
918 4000 940 4041 et
951 3995 1024 4056 signa
1035 3995 1141 4043 lacunae
1152 3993 1235 4055 posui,

118 4066 147 4106 ut
158 4056 211 4106 fers
223 4058 284 4107 talia
296 4059 407 4120 suppleri
418 4059 527 4122 possint:
546 4066 568 4107 et
579 4059 652 4122 pari
669 4057 772 4108 damno
789 4059 820 4108 in
836 4074 914 4109 mara
927 4060 1057 4123 pervenire.

153 4150 204 4211 56.
231 4148 391 4210 iumentorum,
407 4165 430 4199 a.
450 4189 481 4198 ..
508 4146 595 4199 diction
608 4153 631 4212 7,
644 4157 701 4202 209.
721 4192 751 4201 -
778 4167 795 4200 a
810 4151 884 4212 nebia
901 4154 946 4200 ad.
972 4151 1046 4213 nobis,
1058 4166 1079 4201 c.
1100 4191 1129 4201 ..
1154 4151 1237 4215 priore

119 4212 181 4264 libro
192 4217 207 4278 ς
219 4220 268 4265 326
280 4230 351 4280 seqq.
370 4254 402 4264 -
417 4216 635 4280 praemonstrantes,
647 4234 690 4289 ac.
704 4217 905 4283 praemonuimus,
917 4219 970 4269 Τὰ
