2754 4726
288 304 357 350 nna.
372 283 460 366 xv'n.
490 303 569 351 car.
584 304 688 352 xx111.
704 305 805 351 xxiv.
834 306 932 353 secr.
948 307 1031 352 sset.
1156 289 1218 353 123

140 451 273 518 XXIV.
296 455 348 520 36.
367 453 453 540 xViti
475 453 669 519 adminicula
690 455 837 520 addenda
855 477 937 540 quae
952 457 1088 522 scandat
1102 456 1218 543 adpre·
1233 475 1282 521 ms

95 554 208 632 hensa,
238 553 266 618 si
293 555 414 619 maiora
443 556 516 620 sint.
552 554 678 620 Vitium
703 577 931 641 generosarum
951 557 1103 644 pergulas
1123 557 1219 642 qnin-

95 652 265 738 quatribus
292 655 454 740 putandas
483 666 525 734 et,
557 678 694 739 quarum
723 678 850 721 servare
877 679 957 722 uvas
977 657 1085 736 libeat,
1107 657 1220 724 decre·

95 764 208 820 scente
227 754 306 821 luna
327 756 476 835 tradunt,
499 779 582 840 quae
604 779 680 823 vero
699 756 870 822 interlunio
886 757 950 822 sint
963 767 1103 842 putatae,
1124 758 1221 824 nullis

96 855 284 922 animalium
306 855 463 923 obnoxias
485 879 566 923 esse.
589 857 663 922 Alia
684 857 810 922 ratione
832 858 926 942 plena
947 857 1025 923 luna
1038 868 1135 924 noctu
1149 869 1221 923 ton·

96 957 235 1033 dandas,
269 980 343 1022 oum
372 957 415 1021 sit
443 979 481 1020 ea
507 957 541 1020 in
566 957 669 1037 leone,
699 957 879 1042 scorpione,
914 958 1093 1044 sagittario,
1121 969 1223 1034 tauro,

96 1071 197 1142 atque
218 1057 253 1122 in
275 1067 379 1122 totum
401 1057 551 1123 serendas
572 1059 666 1145 plena
688 1071 742 1123 aut
765 1071 929 1123 crescente
951 1061 1063 1143 utique
1083 1069 1223 1124 censent.

99 1158 279 1226 Sufficiunt
292 1158 326 1222 in
340 1157 437 1223 Italia
451 1159 591 1224 cultores
612 1160 688 1224 deni
708 1160 743 1223 in
765 1170 901 1226 centena
921 1160 1035 1247 iugera
1047 1160 1223 1226 vinearum.

142 1261 195 1324 3⁷.
223 1258 269 1325 Et
289 1259 416 1325 abunde
444 1269 518 1324 satu
545 1260 697 1344 cultuque
723 1260 874 1326 arborum
900 1272 1045 1341 tractato,
1073 1259 1223 1345 quoniam
1237 1279 1287 1325 ato

98 1361 143 1425 de
165 1360 280 1446 palmis
295 1371 327 1426 et
346 1360 452 1445 cytiso
472 1361 508 1425 in
529 1361 709 1448 peregrinis
730 1362 897 1428 arboribus
918 1362 1052 1427 adfatim
1073 1362 1224 1439 diximus,

98 1484 143 1526 ne
166 1461 243 1545 quid
264 1461 358 1540 desit,
380 1460 553 1527 indicanda
575 1463 698 1546 reliqua
711 1474 826 1528 natura
842 1474 892 1530 est
905 1486 1022 1550 magno
1037 1485 1136 1549 opere
1148 1484 1225 1548 per·

99 1564 209 1626 tinens
230 1562 391 1628 adomnia
405 1584 452 1627 ea.
474 1563 681 1629 Infestantur-
691 1585 830 1649 namque
850 1576 884 1630 et
905 1564 1036 1630 arbores
1049 1563 1170 1628 morbis
1184 1613 1226 1627 ..

100 1662 183 1746 quid
203 1663 288 1727 enim
310 1662 456 1749 genitum
478 1674 565 1730 caret
577 1663 628 1729 his
642 1664 808 1730 malisl..
824 1677 857 1730 et
879 1665 1072 1730 silvestrium
1092 1663 1225 1748 quidem

99 1762 308 1848 perniciosos·
321 1775 441 1851 negant
463 1787 535 1831 esse
556 1766 732 1850 vexarique
760 1778 884 1833 tantum
911 1766 1068 1853 grandine
1094 1765 1127 1830 in
1150 1786 1225 1851 gar-

101 1863 278 1930 minatione
299 1875 356 1929 aut
376 1865 473 1944 flore,
496 1866 589 1930 aduri
604 1886 731 1949 quoque
745 1868 869 1932 fervore
889 1879 946 1931 aut
966 1869 1045 1931 flatu
1059 1865 1227 1951 frigidiore

101 1975 315 2050 praepostero
339 1965 408 2043 die,
434 1987 627 2050 quamquam
655 1988 713 2032 suo
739 1966 861 2054 fiigora
889 1967 987 2032 etiam
1014 1974 1163 2052 prosunt,
1191 1974 1229 2029 ut
1266 2024 1271 2038 ,

105 2064 259 2132 diximus.
297 2063 387 2147 Quid
414 2069 513 2154 ergo?
540 2089 604 2132 non
632 2078 665 2131 et
691 2066 773 2132 vites
800 2068 912 2154 algore
937 2067 1119 2132 intereunt?
1155 2065 1230 2130 Hoc
1242 2081 1291 2128 att

103 2165 235 2250 quidem
251 2177 302 2231 est
315 2189 380 2253 quo
395 2168 652 2254 deprehendatur
666 2168 726 2233 soli
741 2168 865 2247 vitium,
882 2169 1032 2253 quoniam
1045 2192 1110 2235 non
1124 2167 1231 2233 evenit

105 2267 168 2332 nisi
184 2266 223 2332 ir‘r
243 2268 371 2356 frigido.
407 2267 519 2353 Itaque
540 2291 599 2354 per
619 2268 741 2335 hiemes
768 2269 848 2335 caeli
876 2270 1018 2358 rigorem
1044 2269 1230 2357 probamus,

106 2391 174 2433 non
200 2368 270 2434 soli.
304 2369 375 2436 Neo
400 2370 633 2436 infirmissimae
665 2370 797 2436 arbores
823 2373 898 2458 gelu
925 2372 1147 2458 periclitantur
1173 2368 1231 2434 sed

107 2493 287 2552 maxumae,
302 2473 490 2556 vexatisque
503 2471 551 2536 ita
564 2471 732 2537 cacumina
745 2473 850 2559 prima
864 2472 1058 2550 inarescunt,
1081 2469 1232 2555 quoniam

108 2572 321 2658 praestrictus
342 2587 408 2638 non
429 2573 535 2659 potuit
550 2594 588 2637 eo
602 2571 772 2657 pervenire
790 2596 892 2637 umor.
914 2573 1079 2638 Arborum
1099 2569 1231 2655 quidam
1244 2582 1294 2628 21⁸

111 2693 286 2753 mnmnues
306 2671 420 2750 morbi,
443 2671 574 2756 quidam
595 2671 713 2757 privati
729 2693 891 2757 generum.
914 2669 1092 2735 Conmunis
1113 2668 1231 2769 permi-

111 2773 229 2837 oulatio
249 2783 310 2851 est,
332 2773 485 2838 sideratio
507 2793 545 2838 ao
566 2772 657 2837 dolor
671 2770 896 2849 membrorum,
919 2771 1005 2834 unde
1020 2771 1159 2856 partium
1174 2767 1231 2832 de-

111 2872 234 2950 bilitas,
266 2874 418 2940 sociatate
450 2873 616 2940 nominum
646 2893 775 2956 quoque
807 2892 880 2935 oum
911 2871 1048 2936 hominis
1063 2866 1231 2945 ‘miseriis3

115 2987 228 3040 tnmca
255 2974 392 3040 dicimus
425 2986 511 3041 certe
538 2994 674 3061 corpora
700 2983 733 3039 et
759 2973 869 3038 oculos
894 2972 1074 3058 germinum
1100 2981 1233 3035 exustos

113 3097 150 3140 ac
171 3075 272 3140 multa
295 3076 389 3140 simili
412 3087 506 3141 sorte.
543 3076 657 3158 Itaque
683 3073 831 3139 laborant
853 3083 885 3136 et
906 3074 989 3136 fame
1010 3085 1042 3137 et
1064 3072 1231 3149 cruditate,
1246 3084 1295 3130 21⁹

115 3198 194 3260 quae
219 3177 303 3242 fiunt
328 3179 448 3244 umoris
474 3176 664 3260 quantitate,
691 3173 818 3256 aliquae
839 3193 915 3238 vero
944 3184 976 3238 et
1003 3172 1169 3251 obesitate,
1196 3182 1234 3237 ut

115 3382 248 3432 simulares
258 3383 355 3432 arbores
365 3383 422 3444 siat,
434 3383 523 3433 Daleo.
543 3423 573 3432 ..
589 3379 711 3446 perpetus,
724 3382 747 3430 d.
767 3379 973 3446 perstrepebas.
993 3422 1023 3429 -
1047 3378 1232 3443 quinquatribus,

116 3466 137 3498 a.
156 3490 186 3500 ...
204 3452 260 3510 siat,
272 3453 296 3500 d.
313 3451 337 3499 si
346 3452 400 3510 sint,
412 3467 435 3500 a.
456 3491 486 3500 ..
504 3447 667 3512 condasque,
680 3452 724 3499 ad.
744 3489 775 3497 ..
794 3456 827 3509 ut,
840 3450 886 3498 ad.
906 3488 937 3497 -
955 3455 1032 3511 utque,
1045 3450 1089 3497 ad.

148 3516 233 3578 §tlt
259 3516 358 3577 Etad.
384 3518 427 3575 At,
438 3513 489 3582 βγ.
508 3557 539 3566 -
563 3516 652 3581 palmr'e
667 3523 706 3578 13,
719 3522 760 3566 26.
785 3557 816 3565 -
839 3524 867 3577 et,
880 3518 913 3566 D.
940 3510 1083 3577 aaadssy.
1107 3556 1138 3563 ..
1161 3512 1234 3577 cytiso

118 3591 156 3645 13,
171 3591 219 3636 130
232 3600 301 3649 seqq.
322 3627 353 3634 -
380 3587 503 3645 cst,Br9t.
530 3585 568 3644 sit,
581 3580 651 3645 adst.
672 3585 729 3635 Om.
741 3600 762 3633 r.
787 3624 817 3632 -
841 3598 1013 3648 maynoopera,
1026 3584 1059 3631 D.
1087 3595 1234 3644 moqnopera

117 3653 151 3700 ad
156 3646 178 3712 β
182 3667 207 3716 7.
222 3693 253 3702 ..
265 3650 415 3717 Ity'astautar
424 3652 481 3715 rel.;
494 3654 601 3717 sumpsit
610 3653 673 3702 baec
682 3653 749 3701 Plin.
760 3667 793 3701 ax
801 3651 933 3714 Theophr.
943 3651 1001 3700 hist
1010 3649 1091 3713 plant.
1101 3647 1148 3696 IV.
1160 3652 1199 3706 14,
1213 3651 1234 3695 1.

120 3718 416 3784 -fri9idiora,Barba1-.
432 3718 572 3783 sropiliora
585 3722 631 3770 ad.
650 3761 681 3768 -
705 3734 856 3782 quamquam,
868 3720 905 3767 ita
916 3733 963 3767 nos
975 3717 1129 3779 scripsimus.
1156 3729 1235 3777 qoam,

118 3788 159 3835 ad.
176 3786 295 3849 quoniam,
307 3783 359 3849 βγ.
378 3826 409 3853 Ι..
420 3786 525 3851 friporc,
537 3791 573 3837 a2.
594 3829 624 3837 -
641 3794 747 3852 prosunt,
761 3788 797 3835 ad
809 3783 896 3846 (codd.
909 3781 1036 3845 Barbari).
1060 3784 1149 3844 obsunt,
1162 3783 1235 3831 codd.

119 3853 193 3903 Hard.
212 3896 244 3904 -
263 3853 366 3902 dirimas
407 3861 445 3906 10.
843 3864 857 3875 ⁸

151 3922 234 3984 §att
261 3930 348 3978 cenet,
368 3857 437 3971 jad.
463 3930 579 3980 monast,
595 3917 624 3982 β.
652 3963 683 3970 -
711 3920 855 3980 salivitt'am,
873 3922 897 3970 d.
924 3917 1093 3979 olivitt'um,a.
1120 3957 1151 3966 -
1172 3913 1236 3993 ,Non

121 3995 194 4036 autem
206 3987 272 4037 solae
283 3989 564 4050 infirmissimanalec.
585 4031 615 4039 -
639 3987 705 4053 pete,
718 4005 741 4038 a.
760 4029 790 4038 ..
810 3987 974 4051 praestrictus,
987 3978 1046 4035 01).
1070 3989 1236 4047 praestantes,

123 4054 191 4104 Tad.
207 4057 363 4118 praestrictus
372 4055 433 4120 palu,
445 4053 496 4121 βγ.
1200 4116 1205 4126 Ι

153 4121 235 4180 §tle
262 4140 299 4182 ac,
315 4118 386 4174 Oad.
413 4120 482 4184 etst.
507 4166 537 4174 -
562 4125 771 4184 cmorum,Pint.
796 4164 825 4172 -
852 4120 968 4181 debilitas,
982 4122 1053 4171 codd.
1067 4118 1123 4170 Get.
1149 4115 1237 4174 deleta,

126 4191 166 4238 ad.
185 4231 213 4239 -
234 4189 340 4251 botulum,
353 4195 397 4240 ad.
416 4188 540 4252 lotricum,
552 4193 626 4242 codd.
639 4192 695 4242 Gel.
707 4187 736 4251 β.
756 4232 787 4239 ..
806 4189 904 4248 mabam,
917 4205 940 4237 a.

155 4259 168 4318 ξ
181 4264 237 4308 219.
255 4257 369 4319 tudima
382 4276 401 4308 r.
423 4298 451 4306 -
463 4259 499 4320 fit
510 4257 613 4308 lamara
625 4259 698 4307 nimio
710 4256 850 4320 quantitate,
861 4256 950 4305 Dalae.
