2754 4726
159 296 221 361 298
276 294 280 301 ’
506 309 710 357 urrunsnrs
732 307 924 358 nrsromns
1026 333 1030 345 ι

158 471 297 529 mentem
318 460 423 526 alvom
445 470 477 525 et
498 459 723 527 suffocationes
744 459 912 525 mulierum
933 458 1120 542 doloresque
1140 457 1222 524 lenit
1242 459 1277 524 in
1367 469 1368 475 ’

86 610 90 614 -
159 573 283 629 tantum
311 571 347 626 ut
372 560 485 628 volvas
512 562 665 648 corrigat,
697 562 824 627 inlitum
851 581 977 645 quoque
1009 583 1027 624 e
1053 581 1149 645 passo
1170 560 1278 625 ventri

158 685 268 729 earum
293 662 403 748 prosit,
431 672 463 727 ct
483 662 561 727 viris
582 684 659 728 vero
677 662 780 748 prosit
799 684 873 726 oum
893 660 985 747 panis
1006 659 1150 746 portione
1169 681 1278 745 aequa

158 763 267 829 tritum
290 785 331 828 ex
358 764 434 828 vino
461 774 572 849 potum
594 774 705 828 contra
726 762 848 829 ventris
870 761 1001 827 dolores.
1030 759 1129 825 Pcllit
1149 770 1184 825 ct
1205 761 1275 825 uri-

157 886 232 929 nam
258 874 291 930 et
311 864 538 951 phagedaenas
558 863 701 930 ulcerum
730 863 815 929 sistit
835 885 947 929 recens
973 884 1047 927 cum
1066 860 1159 926 melle
1179 861 1277 945 inpo-

158 965 256 1031 situm
282 967 335 1034 vel
359 964 485 1030 aridum
510 963 615 1029 farina
634 965 826 1051 inspersum.
855 963 1011 1030 Radicem
1027 960 1318 1041 ciusDieuchesar

158 1075 269 1132 contra
288 1067 440 1135 iocineris
466 1089 505 1133 ac
524 1065 635 1145 lienis,
661 1065 768 1144 ilium,
794 1064 975 1130 lumborum
997 1074 1029 1130 et
1048 1062 1174 1129 renium
1197 1062 1278 1128 vitia

159 1189 200 1232 ex
220 1187 305 1250 aqua
324 1168 431 1233 mulsa
450 1167 522 1232 dari
542 1167 650 1245 iubet,
680 1163 898 1253 Cleophantus
925 1176 958 1230 et
984 1163 1190 1249 dysintericis
1219 1186 1275 1230 ve-

159 1266 291 1333 teribus.
318 1266 467 1333 Philistio
487 1268 522 1331 in
553 1268 637 1335 lacte
658 1268 767 1352 coquit
792 1277 823 1333 et
847 1266 890 1332 ad
911 1265 1126 1351 stranguriam
1146 1264 1203 1331 dat
1224 1287 1277 1330 ra-

115 1360 122 1373 ’
145 1359 239 1456 'dicis
259 1367 372 1434 uncias
392 1378 561 1452 quattuor,
588 1389 631 1434 ex
650 1390 734 1453 aqua
755 1366 957 1454 hydropicis,
985 1365 1129 1431 similiter
1150 1376 1183 1430 et
1204 1365 1276 1451 opi-

159 1467 348 1534 sthotonicis
368 1478 401 1535 et
422 1469 599 1555 pleuriticis
621 1478 655 1535 et
669 1468 890 1535 comitialibus.
912 1467 1080 1533 Habentes
1101 1486 1173 1531 eam
1187 1466 1277 1532 feriri

158 1592 179 1635 a
198 1569 402 1656 serpentibus
426 1581 587 1657 negantur
612 1581 670 1636 aut
695 1571 751 1654 qui
776 1556 851 1636 ante
877 1568 1077 1656 gustaverint
1096 1589 1162 1633 non
1181 1567 1277 1633 laedi.

158 1670 328 1738 Percussis
341 1672 506 1756 inponitur
519 1694 591 1737 oum
605 1670 759 1755 axungia,
782 1670 857 1735 folia
872 1680 983 1735 contra
996 1668 1170 1734 cruditates
1183 1650 1290 1733 man-⁸

159 1771 288 1836 duntur.
315 1769 467 1858 Orpheus
493 1771 683 1838 amatorium
710 1770 816 1837 inesse
839 1771 1021 1856 staphylino
1043 1770 1137 1849 dixit,
1160 1771 1275 1836 toras-
1289 1790 1318 1835 aa

160 1871 205 1938 sis
234 1871 384 1956 quoniam
416 1894 565 1939 venerem
591 1872 748 1938 stimulari
771 1872 833 1938 hoc
859 1872 932 1939 cibo
959 1882 1083 1938 certum
1107 1882 1173 1950 est3
1202 1872 1276 1938 ideo

160 1985 336 2060 conceptus
347 1973 493 2040 adiuvari
504 1974 602 2059 aliqui
614 1974 833 2061 prodiderunt.
845 1974 901 2038 Ad
914 1974 1036 2058 reliqua
1048 1982 1082 2038 ct
1094 1973 1197 2038 sativa
1206 1974 1275 2059 pol·

158 2077 214 2153 let,
236 2076 394 2142 efficacior
416 2086 522 2141 tamen
536 2076 690 2141 silvestris
703 2077 871 2162 magisque
890 2076 928 2141 in
946 2073 1083 2161 petrosis
1105 2084 1191 2138 nata.
1216 2072 1275 2139 Sc·

159 2197 233 2238 men
255 2176 374 2240 sativae
396 2197 522 2260 quoque
545 2184 656 2240 contra
677 2176 881 2262 scorpionum
901 2175 986 2241 ictus
1008 2197 1048 2240 ex
1062 2175 1137 2239 vinc
1152 2185 1275 2262 autpo-

160 2295 215 2338 sca
247 2274 385 2339 salutare
416 2284 486 2350 est3
520 2273 629 2342 radice
662 2275 731 2341 eius
759 2276 995 2361 circumscalpti
1028 2275 1140 2342 dentes
1169 2275 1276 2343 dolore

158 2373 343 2441 liberantur.

201 2477 253 2558 16.
275 2471 373 2561 Syria
389 2475 423 2540 in
442 2474 542 2543 hortis
557 2477 792 2563 operosissima,
811 2478 899 2545 unde
918 2477 1006 2544 venit
1022 2477 1056 2541 in
1070 2475 1276 2562 proverbium
1288 2492 1313 2538 aa

161 2573 311 2642 Graecis:
326 2579 427 2644 multa
446 2576 603 2663 Syrorum
613 2579 708 2646 olera.
733 2578 933 2646 Simillimam
949 2579 1131 2666 staphylino
1144 2577 1274 2642 herbam

159 2678 236 2744 serit
257 2700 352 2763 quam
372 2679 427 2744 alii
446 2679 614 2766 gingidion
635 2692 764 2759 vocant,
793 2682 920 2746 tenuius
942 2689 1063 2744 tantum
1084 2690 1117 2744 et
1138 2681 1275 2744 amarius

159 2777 367 2862 eiusdemque
399 2780 533 2846 effectus
545 2807 554 2858 ;
596 2792 683 2846 estur
720 2791 845 2847 coctum
884 2780 1082 2865 crudumque
1123 2779 1274 2845 stomachi

159 2900 278 2964 magna
298 2879 451 2959 utilitate3
476 2880 576 2947 siccat
597 2882 683 2947 enim
705 2905 747 2949 ex
769 2881 833 2948 alto
854 2882 957 2947 omnis
979 2882 1048 2950 eius
1070 2904 1209 2947 umores.

203 2979 253 3043 17.
275 2975 367 3046 Siser
380 2982 552 3046 erraticum
567 2981 671 3046 sativo
688 2981 789 3047 simile
811 2992 906 3047 estet
924 2982 1055 3057 effectu3
1080 2982 1313 3048 stomachans

160 3080 295 3160 excitat',
325 3081 491 3148 fastidium
517 3082 681 3170 absterget
707 3104 747 3148 ex
774 3093 864 3148 aceto
892 3082 1094 3168 laserpiciato
1116 3095 1277 3168 sumptum

191 3251 277 3316 morit,
289 3256 334 3303 ad.
356 3251 462 3316 prodest,
474 3270 494 3304 r.
512 3295 543 3305 -
562 3263 585 3303 et
601 3254 668 3317 viris,
680 3257 724 3306 ad.
742 3253 808 3318 viris,
818 3251 870 3320 βγ.
891 3256 1032 3307 Particulas
1043 3263 1165 3305 et..ocro
1176 3256 1277 3318 iungere

161 3318 323 3381 amatPlln.;
344 3335 369 3368 v.
382 3325 422 3380 14,
436 3326 492 3372 112·
513 3326 552 3381 16,
566 3326 622 3372 156.
644 3328 685 3381 19,
699 3329 755 3372 122.
773 3330 813 3384 20,
823 3329 863 3374 2³.
874 3329 915 3373 93.
932 3329 1043 3384 21‚156.
1062 3329 1102 3383 25,
1116 3328 1157 3375 67.
1176 3363 1208 3372 ..
1223 3338 1277 3386 pro·

160 3383 200 3446 sit,
214 3378 285 3436 esu.
308 3380 478 3449 producam.
496 3426 527 3436 ..
552 3403 570 3448 p
619 3386 735 3448 Maenas,
747 3391 771 3438 d.
790 3429 821 3438 ...
844 3389 938 3439 aridum
946 3390 1038 3452 sorim
1054 3389 1276 3454 inspersamoodd.

162 3451 221 3504 aa.
236 3449 424 3515 orldoforiaas
439 3451 576 3516 inspersum,
611 3451 820 3515 .oridaeforina
836 3456 1008 3520 inspersum
1031 3456 1116 3507 aridae
1124 3457 1230 3521 serinac
1245 3457 1277 3506 in-

161 3535 275 3585 spersam,
285 3520 317 3570 Τ.
342 3517 428 3568 addae
435 3517 527 3583 sorim
538 3518 678 3583 inspersam,
688 3523 712 3571 d
730 3520 797 3570 aridi
807 3522 857 3572 eiua
864 3525 956 3588 forino
967 3524 1081 3589 inspersa
1093 3527 1127 3576 K.

89 3638 92 3643 ,
196 3589 264 3652 531.
282 3585 447 3648 sius,om.K.
465 3626 497 3638 ...
517 3585 664 3650 Dicaeus.
685 3586 798 3652 Diducea
812 3591 836 3640 d.
855 3633 886 3641 ..
905 3595 1011 3653 autad.
1030 3635 1061 3644 ..
1080 3592 1182 3654 elsua
1207 3595 1277 3654 aad.

162 3693 195 3703 ..
212 3655 368 3715 maamad.
394 3669 483 3715 renum,
497 3649 547 3716 βγ.
567 3694 598 3704 ..
629 3655 812 3720 Theophrastus,
825 3660 877 3710 Td.
896 3701 927 3709 ..
954 3658 1099 3724 dysentericis,
1111 3661 1144 3710 K.
1164 3701 1195 3710 ..
1222 3659 1279 3710 Plri-

163 3718 233 3782 ls'sts'o,
245 3724 289 3772 ad
316 3720 450 3781 Pittacon,
461 3735 486 3784 γ.
504 3762 535 3772 ..
559 3730 602 3770 out
613 3723 690 3785 qui„
698 3740 743 3773 noa
756 3722 827 3786 laedi,
839 3730 876 3777 ad
889 3724 1013 3791 (Appul.)
1036 3744 1065 3776 oc
1076 3727 1155 3790 qui„
1164 3727 1236 3789 laedi,
1248 3729 1278 3778 ll.

163 3826 195 3839 ...
212 3788 366 3853 putaverint,
378 3791 415 3839 ad
428 3786 551 3854 (Appul.)
568 3798 727 3852 partaverunt,
738 3789 767 3852 β.

197 3856 265 3918 §32
275 3855 393 3919 furasse,
404 3857 500 3922 Appnl.
520 3896 550 3906 .„
569 3864 717 3920 contemptus,
729 3875 752 3909 a.
772 3901 801 3909 -
820 3856 941 3923 adiuvari,
956 3855 1054 3912 Orsa.
1073 3860 1195 3924 adiuvas,
1207 3859 1236 3923 β.
1251 3903 1278 3912 ..

162 3921 317 3985 scorpionum,
328 3928 372 3976 ad.
397 3923 546 3988 repentium,
558 3940 577 3974 r.
597 3965 628 3974 ..
651 3925 741 3988 ictibus,
753 3943 776 3977 a.
797 3968 827 3977 -
851 3927 1029 3991 circumscalpti,
1042 3931 1114 3981 Tad.
1141 3929 1280 3994 discolpiet,

160 3989 260 4054 Appul.
277 3989 447 4055 circumcolpt',
457 3988 487 4053 β.

196 4057 265 4120 5³³·
288 4058 350 4109 unde
366 4059 428 4109 venir
438 4058 471 4119 ia,
488 4061 524 4110 ita
534 4075 582 4110 nos
594 4063 746 4126 scripsimus.
773 4061 874 4126 cadmus
885 4062 917 4123 in,
930 4065 976 4114 ad.
993 4072 1040 4114 est:
1052 4062 1158 4127 indeque,
1169 4061 1219 4129 βγ.
1241 4065 1281 4114 De

159 4125 323 4252 jpsp)planta
338 4143 361 4178 v.
374 4129 490 4179 Dioscor.
504 4134 527 4188 2,
543 4134 599 4179 166.
619 4169 648 4189 ,.
668 4130 755 4189 serunt,
767 4132 790 4179 d.
811 4170 840 4179 ..
863 4129 977 4194 piyidion,
990 4149 1013 4182 a.
1033 4173 1063 4180 ..
1082 4139 1154 4193 estur,
1166 4148 1183 4182 a
1194 4130 1280 4192 (codd.

153 4198 220 4261 fic.
255 4200 333 4254 etat,
346 4198 370 4247 d.

160 4263 163 4267 '
194 4263 272 4328 584..
292 4261 376 4313 similis
388 4272 429 4325 est,
446 4281 468 4313 a.
492 4264 889 4325 Derev.1)i0scor.r,1aa..
914 4268 1050 4330 efferim
1071 4307 1100 4316 .-
1126 4269 1282 4332 obstupeat
