2754 4726
152 291 192 350 72
496 304 701 350 strumis
722 303 916 351 msromar:

150 455 193 519 ad
220 454 299 519 caeli
325 454 481 537 cuiusque
507 477 614 519 mores
640 453 809 541 dirigenda
834 453 1057 543 sollertiaest.
1091 453 1316 521 InAfiicaao

150 556 315 622 meridiem
342 555 453 620 tineas
480 574 626 641 spectare
649 574 683 619 et
694 603 791 630 .....
815 554 873 617 riti
892 554 1017 632 inutile,
1042 556 1157 622 oolmto
1176 555 1270 623 iun·

149 656 241 721 lubre
261 672 323 733 est,
342 656 495 739 quoniam
508 656 580 742 ipsa
593 656 787 719 meridianae
807 655 953 720 subiacet
972 655 1101 742 plagae,
1121 678 1269 742 quapro-

150 772 224 844 pter
248 757 294 822 ibi
314 758 370 841 qui
391 757 426 820 in
445 779 595 821 oceasum
621 772 677 820 sut
703 755 938 841 septentriones
962 768 1110 822 conseret
1133 768 1270 842 optmne

150 857 299 923 miscebit
319 858 422 922 solum
441 858 540 922 eaelo
573 854 660 922 Cum
681 855 848 942 l'ergdius
871 878 1006 922 occasus
1025 857 1187 943 inprobat,
1208 881 1271 924 uec

150 961 193 1025 de
213 958 429 1045 septentrione
448 957 572 1042 reliqna
592 957 752 1022 dubitatio
773 956 909 1021 ridetur.
931 957 1037 1040 Atqui
1055 958 1091 1021 in
1109 958 1270 1044 dnlpins

149 1061 246 1126 Italia
265 1081 383 1144 magus
403 1081 444 1121 ex
464 1074 558 1142 parte
578 1057 681 1121 vineis
701 1058 748 1121 ita
767 1058 883 1142 positis
897 1070 1086 1144 conpertum
1099 1060 1271 1125 estnullas

150 1184 224 1227 esse
245 1159 428 1225 fertiliores.
450 1158 592 1223 Multum
612 1160 744 1222 rationis
763 1159 908 1244 optinent
934 1174 966 1224 et
987 1160 1094 1237 venti;
1125 1160 1161 1224 in
1180 1158 1269 1225 Nar-
1282 1179 1314 1222 si

150 1262 286 1330 boneusi
316 1260 481 1345 provincia
511 1274 609 1345 atque
634 1259 773 1348 Liguria
803 1275 835 1323 et
862 1274 955 1345 purte
978 1259 1130 1325 Etruriae
1153 1272 1271 1327 contra

149 1364 281 1429 circium
315 1383 421 1425 serere
452 1361 603 1446 inperitia
633 1362 859 1438 existumatur,
891 1361 1093 1444 eundemque
1126 1360 1272 1427 oblicum

150 1465 296 1549 accipere
316 1463 536 1548 providentia3
563 1463 593 1527 is
620 1485 757 1546 namque
784 1478 924 1526 aestates
943 1461 989 1526 ibi
1010 1473 1179 1547 temperat,
1209 1463 1271 1528 sed

151 1578 239 1630 tauta
259 1565 448 1650 plerumque
469 1564 620 1630 violentia
633 1576 669 1628 ut
683 1563 807 1627 auferat
822 1574 916 1627 tecta.
946 1561 1011 1626 III.
1034 1561 1177 1642 Quidam
1191 1585 1270 1628 cae-
1283 1581 1318 1626 aa

149 1669 217 1731 lum
239 1680 343 1730 terrae
363 1687 477 1749 parere
499 1680 617 1751 cogunt
639 1676 675 1727 ut
694 1684 778 1745 quae
804 1664 838 1726 in
865 1663 961 1727 siccis
987 1677 1135 1728 serantur
1160 1663 1271 1729 oricu-

151 1782 217 1830 tem
244 1787 282 1827 ac
308 1765 542 1848 septentriones
570 1775 732 1849 spectent,
764 1785 848 1846 quae
875 1765 910 1827 in
936 1764 1054 1829 umidis
1079 1763 1270 1842 meridiem3

150 1889 294 1933 necnon
316 1889 355 1930 ex
376 1865 457 1951 ipsis
477 1865 599 1930 vitibus
620 1887 734 1930 causas
755 1878 940 1928 mutuantur
964 1865 999 1929 in
1020 1865 1149 1951 frigidis
1168 1888 1270 1952 prae-

150 1968 236 2034 cocia
265 1966 411 2045 serendo,
439 1979 475 2030 ut
502 1969 670 2031 maturitas
691 1966 859 2031 antecedat
879 1968 1035 2052 algorem,
1068 1988 1151 2050 quae
1171 1988 1272 2052 poma

151 2071 295 2153 vitesque
322 2091 426 2133 rorem
453 2069 588 2145 oderint,
616 2084 729 2131 contra
748 2081 847 2145 ortus,
876 2079 912 2131 ut
933 2068 1041 2131 statim
1062 2067 1187 2132 auferat
1208 2067 1270 2144 sol,

150 2194 233 2256 quae
254 2182 372 2244 ament,
394 2168 437 2231 ad
458 2191 592 2232 occasus
613 2168 665 2232 vel
685 2169 781 2232 etiam
801 2169 843 2230 ad
864 2168 1109 2254 septentriones,
1135 2180 1174 2232 ut
1192 2168 1269 2233 diu·

153 2271 216 2335 tius
238 2291 276 2334 eo
296 2271 454 2333 intrantur.
477 2268 586 2333 Ceteri
608 2269 676 2333 iere
690 2269 848 2333 rationem
860 2281 994 2333 naturae
1009 2269 1112 2334 secuti
1123 2268 1160 2333 iu
1173 2268 1269 2353 aqui-
1283 2286 1320 2332 2³

54 2361 60 2369 ’
150 2374 257 2438 lonem
281 2369 434 2436 obversas
462 2369 536 2433 vitis
564 2381 596 2434 et
621 2367 752 2433 arbores
781 2370 856 2455 poni
877 2392 1022 2448 suasere3
1056 2370 1272 2435 odoratiorem

152 2473 249 2537 etiam
274 2470 344 2534 fieri
373 2470 468 2533 talem
488 2471 629 2535 fructum
650 2470 855 2536 Democritus
882 2484 984 2555 putat.
1016 2470 1076 2537 IV.
1096 2469 1272 2555 Aquilonis

152 2573 248 2637 situm
281 2583 512 2654 ventorumque
543 2571 739 2654 reliquorum
769 2573 908 2637 diximus
940 2573 1090 2637 seeundo
1106 2571 1272 2638 volumine
1348 2590 1351 2594 ’

151 2674 357 2756 dicemusque
379 2695 536 2759 proxumo
557 2675 649 2759 plura
670 2673 830 2738 caelestia.
852 2673 983 2738 Interim
999 2673 1203 2738 manifestum
1216 2673 1271 2738 vi-

151 2775 245 2839 detur
274 2774 469 2841 salubritatis
491 2786 727 2863 argumentum,
755 2774 904 2859 quoniam
930 2775 964 2838 in
985 2774 1151 2838 meridiem
1173 2772 1272 2839 etiam

152 2878 366 2961 spectantium
388 2897 513 2959 semper
535 2888 610 2941 ante
631 2876 782 2943 decidant
803 2875 886 2940 folia.
919 2873 1041 2939 Similis
1062 2874 1149 2939 etin
1169 2874 1271 2939 mari·
1284 2893 1320 2937 24

153 2977 238 3042 timis
260 3000 357 3044 causa
363 3001 372 3055 3
395 2977 587 3062 quibusdam
608 2978 687 3041 locis
708 2976 846 3041 adflatus
867 2977 965 3040 maris
986 2976 1083 3053 noxii,
1103 2975 1138 3039 in
1152 2976 1270 3061 pluru-

151 3077 212 3141 mis
233 3078 330 3143 iidem
352 3079 455 3156 alunt3
478 3078 669 3163 quibusdam
692 3078 769 3141 satis
791 3100 808 3142 e
829 3078 1005 3164 longinquo
1018 3077 1183 3162 adspicere
1197 3099 1270 3140 ma-

153 3176 200 3239 ria
221 3178 407 3257 iucundum,
437 3181 571 3268 propius
592 3180 754 3247 admoveri
777 3180 851 3245 salis
865 3178 998 3243 halitum
1019 3178 1141 3242 inutile.
1165 3173 1269 3242 Simi-

185 3381 336 3444 cuimqnea.
355 3381 444 3433 Omitt.
457 3385 509 3433 Td.
530 3423 560 3432 ..
579 3401 661 3444 mores,
676 3379 789 3436 OTadr.
813 3387 919 3447 minores,
931 3381 960 3447 β.
977 3425 1009 3439 ,.
1033 3382 1204 3448 diripentium
1230 3381 1270 3432 di·

152 3447 252 3512 ripendo
264 3456 298 3497 est
308 3448 418 3511 cuiusque
429 3447 542 3510 sollertia,
555 3451 609 3499 Td.

185 3517 253 3579 520.
272 3524 301 3576 et,
318 3509 418 3566 OTad.
436 3515 486 3574 etri,
497 3512 526 3577 β.
544 3517 698 3566 Deleverunt
709 3519 786 3568 Hard.
798 3534 823 3583 γ.
841 3522 898 3582 Ego
907 3520 1132 3584 copulamecodd.
1144 3519 1271 3577 revocari,

152 3593 210 3645 post
222 3599 277 3633 eant
291 3586 414 3647 quaedam
426 3585 548 3634 excidisse
560 3599 671 3633 censens.
690 3625 721 3633 ..
746 3585 873 3646 insalubre,
889 3580 987 3637 OTad.
1010 3585 1111 3647 solome,
1122 3581 1152 3646 β.
1172 3626 1203 3635 -
1224 3594 1271 3648 est,

151 3664 202 3701 om.
218 3643 245 3700 θ.
266 3692 297 3702 „
315 3650 350 3700 ibi
360 3650 408 3713 qai,
420 3654 463 3701 ad.
482 3648 572 3713 qaiibi,
584 3647 634 3713 βγ.
653 3690 685 3701 ..
703 3651 775 3701 coela
791 3650 854 3714 dum,
866 3657 911 3704 ad.
928 3654 1001 3712 melo,
1013 3671 1071 3715 root,
1082 3648 1112 3713 β.
1130 3694 1162 3703 -
1181 3653 1270 3716 impro-

46 3764 48 3773 ,
153 3716 196 3776 bet,
208 3734 257 3776 nec,
270 3721 314 3768 ad.
333 3717 453 3781 improbet.
465 3717 524 3778 Nec,
536 3713 565 3778 β.
585 3759 615 3767 -
635 3716 734 3781 reliquo,
746 3735 785 3770 ar.
803 3718 912 3784 relinqui,
923 3718 974 3787 βγ.
994 3764 1024 3772 -
1048 3719 1133 3779 nullos,
1145 3722 1169 3770 d.
1192 3717 1270 3782 ouda,

151 3800 174 3833 a.
193 3783 223 3834 Iu
234 3799 252 3848 r
263 3786 323 3835 vitio
333 3800 465 3849 operarum
478 3787 580 3836 excidit.

185 3849 253 3911 let.
280 3853 483 3911 etventi,Tadr.
511 3852 580 3915 venti,
592 3848 620 3913 β.
641 3893 671 3902 -
690 3858 907 3917 expartenalec.
927 3899 957 3907 -
977 3865 1079 3906 aetates
1090 3855 1132 3914 ibi,
1144 3857 1170 3907 d.
1188 3863 1270 3905 emto·

152 3923 196 3966 lem
207 3918 261 3980 sibi,
273 3937 295 3970 a.
313 3927 424 3969 oesmwm
437 3920 476 3981 sti,
488 3937 507 3970 r.

185 3988 253 4050 522.
279 3985 425 4048 occidentem,
437 3989 504 4039 Pint.
523 4029 552 4037 ..
569 4004 732 4053 praecoquem,
746 3991 769 4040 tl.
789 4033 819 4040 -
838 3991 992 4052 accedat,a¹.
1012 4032 1042 4040 -
1066 3992 1207 4052 rorem,ad.
1229 4007 1271 4039 ro-

151 4066 197 4112 res,
208 4049 260 4119 βγ.
280 4095 310 4105 ..
329 4055 449 4116 ottserom,
461 4071 485 4105 a.
505 4096 534 4106 ..
554 4063 642 4117 omont,
655 4073 678 4109 a.
698 4098 727 4106 ..
747 4060 838 4118 eo,D'-¹.
857 4076 916 4121 eam,
928 4060 994 4108 D'a.
1012 4075 1063 4119 con,
1077 4060 1100 4107 d.

185 4122 253 4184 528.
272 4123 337 4185 fere,
350 4123 424 4172 Tad.
444 4124 566 4186 versere,
577 4119 606 4186 β.
625 4164 656 4173 ..
674 4125 790 4186 obversas,
803 4129 875 4177 codd.
889 4127 945 4178 Gel.
969 4127 1120 4187 obseruas.
1142 4127 1270 4175 ebremou-

152 4188 256 4249 ΜΝ.
281 4230 311 4239 ..
330 4188 398 4251 fieri,
410 4191 434 4238 d.
456 4190 554 4243 Iucod.
567 4206 678 4241 aerasae
690 4194 754 4242 duae
767 4193 873 4255 litterae,
886 4209 950 4258 quae
963 4192 988 4242 lo
999 4195 1154 4244 videbantur.
1174 4235 1204 4245 ..
1232 4211 1269 4244 se-

149 4253 234 4318 cundo,
247 4257 335 4309 Todr.
353 4255 495 4320 insecundo,
507 4254 536 4319 β.
558 4299 583 4308 .-
605 4257 721 4320 decidunt,
734 4261 765 4310 K.
