2754 4726
342 309 413 356 nm.
429 309 489 357 xx.
518 307 596 356 our.
613 309 689 356 xm.
708 308 782 356 xrv.
813 307 911 356 sacr.
927 311 960 354 ει.
974 310 1004 354 a.
1167 293 1240 357 325¹

110 460 244 547 trychno
272 470 304 524 et
333 459 430 547 adipe
457 458 551 526 suillo
572 481 611 524 ac
632 460 758 525 taurino
786 481 878 536 sevo,
908 458 1017 545 ignem
1033 480 1158 525 sacrum
1190 481 1231 524 ex

109 572 199 628 aceto
222 572 254 627 et
274 561 343 627 oleo
364 561 417 626 vel
437 560 611 646 psimithio,
634 560 863 626 carbunculum
878 582 919 625 ex
948 569 1048 625 aceto.
1076 559 1231 625 Nonnulli

108 663 311 748 laserpicium
333 684 396 726 una
417 660 509 725 inlini
530 661 658 738 iubent,
688 660 756 726 sine
783 682 846 744 quo
869 659 1069 746 epinyctidas
1095 649 1231 746 pusulas

109 775 231 828 curant.
254 763 418 848 Inponunt
440 773 472 828 et
493 764 640 828 mammis
655 762 859 850 turgentibus
875 761 1038 827 decoctam
1052 770 1083 826 et
1097 760 1231 847 pituitae
1246 779 1294 824 lta

109 863 332 948 eruptionibus
360 886 432 928 cum
461 885 549 941 cera,
577 864 707 928 testium
735 886 812 928 vero
842 861 1006 949 epiphoris
1034 884 1108 928 cum
1133 864 1231 928 ramis

108 965 237 1030 laureae
260 964 396 1041 teneris,
424 964 504 1030 adeo
530 965 685 1051 peculiari
712 966 747 1029 in
768 963 945 1029 visceribus
973 963 1024 1028 his
1052 963 1166 1029 effectu
1196 973 1233 1028 ut

108 1065 247 1130 silvestri
268 1075 340 1129 ruta
362 1087 434 1129 cum
455 1065 598 1150 axungia
619 1065 718 1130 veteri
739 1064 846 1130 inlitos
868 1063 1003 1130 ramices
1026 1065 1132 1130 sanari
1153 1087 1231 1150 pro-

107 1167 202 1243 dant,
224 1166 327 1230 fracta
349 1188 475 1250 quoque
496 1165 641 1231 membra
655 1165 776 1232 semine
799 1167 872 1230 trito
894 1188 967 1231 cum
989 1187 1063 1231 cera
1077 1165 1227 1251 inposito.

107 1265 214 1330 Radix
234 1278 325 1331 rutae
342 1266 532 1354 sanguinem
553 1267 653 1333 oculis
668 1267 839 1332 subfusum
851 1277 883 1331 ct
906 1277 971 1331 toto
993 1288 1125 1353 corpore
1148 1267 1230 1331 cica-

109 1366 205 1430 trices
226 1377 283 1431 aut
305 1367 445 1431 maculas
465 1367 559 1432 inlita
581 1365 738 1432 emendat.
764 1365 820 1431 Ex
840 1366 972 1449 reliquia
993 1388 1075 1451 quae
1097 1366 1230 1431 tradun-

108 1477 160 1530 tur
181 1467 295 1530 mirum
318 1477 378 1544 est,
401 1489 474 1531 cum
496 1466 675 1533 ferventem
695 1477 786 1533 rutae
800 1477 949 1532 naturam
964 1489 1034 1532 esse
1050 1467 1230 1547 conveniat,

106 1567 292 1655 fasciculum
314 1566 384 1633 eius
406 1567 440 1631 in
457 1589 587 1632 rosaceo
611 1568 776 1632 decoctum
797 1567 908 1633 addita
929 1567 1024 1632 uncia
1045 1570 1132 1634 aloes
1154 1590 1229 1654 per-

106 1667 210 1732 unctis
249 1667 397 1732 sudorem
431 1668 605 1753 reprimere
644 1667 786 1752 itemque
821 1668 1060 1754 generationem
1091 1667 1229 1754 inpediri

105 1768 167 1832 hoc
187 1767 274 1841 cib03
297 1768 370 1831 ideo
390 1767 425 1831 in
445 1768 603 1853 profluvio
626 1769 758 1854 genitali
780 1769 876 1836 datur
897 1781 929 1836 et
949 1791 1099 1835 venerem
1119 1768 1231 1835 crebro

105 1891 164 1955 per
186 1868 310 1934 somnia
330 1867 591 1953 imaginantibus.
627 1869 890 1935 Praecavendum
917 1880 966 1935 est
988 1870 1133 1956 gravidis
1154 1869 1230 1935 abs·
1247 1880 1294 1927 ¹⁴³
1362 1895 1366 1898 ·

104 1971 230 2035 tineant
261 1969 322 2032 hoc
352 1967 439 2044 cib03
473 1969 579 2033 necari
611 1970 696 2034 enim
721 1981 833 2055 partus
858 1971 996 2049 invenio.
1040 1969 1165 2034 Eadem
1190 1992 1231 2034 ax

105 2069 252 2136 omnibus
275 2068 353 2133 satis
374 2068 612 2155 quadripedum
634 2091 760 2154 quoque
787 2069 906 2136 morbis
928 2070 962 2134 in
991 2092 1141 2135 maxumo
1168 2092 1229 2134 usu

104 2182 166 2248 cst,
189 2171 256 2235 sive
277 2169 404 2234 difficile
427 2170 624 2255 spirantibus
638 2171 721 2262 xsive
742 2182 853 2236 contra
866 2172 1083 2237 maleficorum
1104 2169 1227 2235 anima-

103 2270 182 2334 lium
210 2271 307 2348 ictus,
334 2271 443 2334 infusa
470 2293 529 2354 per
552 2270 642 2337 naris
668 2295 709 2337 ex
736 2273 810 2338 vino
837 2283 909 2352 aut,
941 2272 968 2338 si
997 2273 1228 2358 sanguisugam

105 2370 319 2448 exhauserim,
342 2395 383 2436 ex
404 2380 496 2438 aceto
518 2382 550 2436 et
567 2394 769 2457 quocumque
794 2373 830 2439 in
853 2373 948 2439 simili
970 2373 1154 2440 morborum
1168 2394 1227 2459 ge-

104 2495 183 2538 nere
205 2485 241 2538 ut
262 2474 296 2537 in
317 2473 445 2537 homine
468 2481 654 2557 temperata
1030 2528 1034 2538 .

146 2572 244 2638 XIV.
267 2573 318 2637 52.
340 2571 558 2637 Mentastrum
577 2572 735 2637 silvestris
754 2582 863 2637 menta
883 2583 934 2639 est
949 2572 1103 2640 differens
1119 2573 1228 2660 specie
1243 2584 1291 2630 144

104 2672 255 2738 foliorum
278 2693 361 2754 quae
384 2681 458 2737 sunt
479 2672 584 2759 figura
606 2671 712 2750 ocimi,
734 2671 821 2758 pulei
843 2672 959 2752 colore,
981 2684 1116 2760 propter
1141 2675 1230 2758 quod

104 2773 237 2858 quidam
265 2773 410 2839 silvestre
442 2773 585 2857 puleium
606 2772 738 2852 vocant3
767 2773 807 2838 iis
828 2775 1096 2856 *conmanducatis
1123 2786 1157 2841 et
1177 2775 1228 2839 in-

105 2873 219 2958 positis
247 2873 353 2938 sanari
385 2872 628 2958 elephantiasim
653 2873 769 2962 Magni
789 2874 925 2961 Pompei
959 2884 1065 2941 aetate
1095 2875 1228 2942 fortuito

105 2974 273 3039 cuiusdam
295 2976 515 3060 experimento
537 2985 669 3061 propter
689 2984 838 3062 putorem
865 2976 946 3041 facie
973 2976 1065 3042 inlita
1090 2999 1227 3063 conper-

106 3087 173 3140 tum
196 3087 255 3140 est.
277 3075 402 3140 Eadem
422 3075 600 3140 inlinuntur
621 3075 837 3160 bibunturque
858 3076 1012 3141 adversus
1027 3078 1229 3165 scorpionem
1243 3087 1291 3132 1⁴⁶
1359 3150 1364 3163 1

140 3251 224 3310 §lto
251 3249 340 3309 ericius,
353 3252 397 3299 ad.
421 3248 564 3309 obolor,K'.
589 3245 786 3309 eructamus
809 3289 840 3298 ..
864 3248 1091 3313 partibusquua‚a
1117 3249 1229 3314 partibus

105 3331 175 3377 quae,
188 3318 211 3364 d.
229 3317 327 3364 artubus
339 3331 404 3378 quos,
416 3333 435 3364 r.
454 3356 487 3365 -
504 3323 538 3378 ut,
550 3333 573 3366 a.
592 3322 621 3376 et,
635 3317 659 3366 d.
680 3356 710 3365 -
729 3314 772 3377 vel,
785 3319 832 3366 ad.
851 3358 883 3366 ..
897 3317 1010 3381 patuli.

140 3402 155 3461 ἓ
169 3405 225 3450 141.
252 3407 372 3463 trycnaa.
391 3398 472 3460 triana
486 3403 509 3450 d.
531 3397 648 3464 simulne,
661 3401 734 3450 codd.
748 3400 805 3451 Gal.
816 3396 868 3465 βγ.
888 3443 919 3451 -
941 3418 993 3451 cum
1005 3401 1077 3466 udipre
1088 3401 1166 3465 suillo,
1178 3401 1228 3451 hir·

105 3465 158 3515 einc
170 3482 199 3514 aa
212 3466 313 3528 taurino,
325 3467 358 3515 Κ.
377 3507 409 3515 -
427 3466 512 3530 ipnem,
525 3469 570 3517 ad.
588 3467 642 3516 item
654 3467 737 3531 ipnm,
749 3463 799 3533 βγ.
818 3509 849 3517 -
868 3476 891 3517 et
902 3467 1068 3532 oleo..aceto‚
1081 3485 1131 3520 orn.
1145 3487 1168 3520 a.

141 3548 155 3609 ξ
171 3555 225 3599 142.
243 3566 306 3611 vero,
318 3551 401 3599 omitt.
413 3552 466 3600 Td.
479 3591 510 3599 ..
528 3549 602 3599 rumis
614 3547 718 3612 laureae,
728 3568 750 3601 a
769 3551 843 3600 ramis
855 3550 926 3614 lauri,
936 3556 959 3604 d.
978 3551 1045 3602 lauri
1054 3553 1136 3613 ramis,
1149 3553 1180 3602 T.
1196 3592 1226 3602 ..

106 3616 199 3665 teneris.
216 3615 284 3665 Adeo
294 3615 422 3680 peculiaris
434 3617 505 3665 estin
517 3616 573 3666 uiae.
585 3616 622 3665 tir
633 3617 736 3681 effectus,
748 3634 768 3668 r.
787 3658 819 3668 ,.
837 3627 921 3680 vetere,
934 3622 958 3670 d.
977 3661 1008 3670 ..
1028 3618 1125 3681 reliquis
1137 3634 1182 3681 que
1199 3635 1228 3667 ue

106 3700 176 3748 quae,
187 3701 207 3732 r.
227 3725 258 3732 ..
276 3684 341 3733 aloes
352 3684 430 3746 unna,
443 3687 467 3735 d.
487 3724 517 3734 ..
535 3683 717 3748 peremptionem,
733 3677 761 3735 θ.
778 3686 937 3749 quaeratione,
947 3690 971 3737 d.
1009 3684 1163 3748 enarrationes,
1175 3635 1226 3751 dy.

112 3791 137 3798 -
157 3749 274 3813 impediri,
287 3769 309 3801 a.
328 3750 449 3815 impedire,
465 3744 516 3801 θᾱ.
534 3793 566 3801 -
584 3750 609 3799 in
617 3749 744 3814 prtp‘luuie,
759 3744 829 3802 Oad.
849 3752 975 3816 prip‘luvio,
985 3703 1016 3814 d.

141 3821 155 3882 ξ
170 3825 225 3869 lta.
245 3826 272 3866 ut
282 3820 423 3880 abstineant,
436 3821 468 3870 Τ.
487 3860 517 3868 -
536 3816 706 3882 sanguisugam
718 3817 875 3881 exhauserim,
887 3821 960 3870 Tad.
982 3817 1127 3884 sanyuuupu
1139 3819 1227 3869 winu-

104 3886 169 3947 serit,
181 3881 210 3947 β.
231 3927 261 3935 -
285 3885 464 3950 aliquorumque
475 3884 553 3948 simili,
566 3887 598 3936 K.
619 3927 649 3935 ..
668 3887 851 3949 temperatmlL
875 3881 1091 3949 temperataadss.
1235 3914 1242 3926 r

140 3973 225 4032 5144.
252 3986 314 4033 quoe
324 3978 385 4030 sunt,
398 3972 428 4021 T.
451 3987 500 4034 qua
511 3977 573 4032 runt,
585 3971 609 4019 d.
637 3964 777 4033 quariafl.
800 3969 1175 4030 communicatorum.
1196 4012 1226 4020 -

103 4035 170 4100 pulei
180 4035 259 4096 odore,
272 4037 548 4089 Comar.adDioscor.
561 4045 584 4098 3,
597 4045 638 4088 34.
651 4046 676 4087 et
687 4037 776 4087 Dalac.
801 4078 832 4087 -
859 4035 903 4098 hia,
916 4038 940 4086 d.
964 4077 995 4086 -
1020 4035 1228 4101 elephantiasim

105 4102 194 4166 (codd.
208 4104 280 4168 Gel.)
298 4103 418 4168 elephanti
427 4105 495 4167 sicut,
506 4109 531 4157 d.
552 4147 582 4156 ..
597 4110 745 4170 putaretur.
760 4102 884 4168 pudorem,
896 4099 960 4166 adst
964 4119 989 4168 r.

140 4187 225 4249 5145.
253 4189 407 4252 bibunturque
426 4189 540 4239 adversus
560 4189 704 4254 scorpionem
722 4187 770 4249 (ita
785 4191 831 4251 dl,
857 4188 1003 4254 scorpionum
1019 4185 1084 4251 adl)
1105 4203 1156 4237 cum
1177 4187 1228 4236 sule

106 4254 156 4306 oleo
172 4265 194 4304 et
212 4254 247 4320 (et
259 4274 310 4309 om.
323 4254 351 4318 d)
364 4263 445 4320 teretog
454 4257 507 4307 item
521 4254 634 4308 udusrm
646 4256 812 4330 scolopendrap
829 4265 850 4306 et
863 4256 898 4321 (et
910 4272 961 4309 om.
974 4255 1003 4320 d)
1015 4255 1155 4322 serpentium
1167 4254 1228 4306 ictus
