2754 4726
313 323 382 371 nra.
397 323 472 371 xxr.
500 323 579 371 can.
596 324 804 372 uxr-xm.
832 323 931 401 snos.
946 325 1030 371 aas.
1168 310 1229 374 411

107 475 172 552 bet,
195 493 279 556 quae
301 483 332 539 et
354 472 577 558 copiosissima
599 485 666 552 est,
700 486 757 539 aut
785 495 984 561 purpuream
1006 485 1062 540 aut
1082 475 1230 541 lacteum.

108 572 236 639 Harum
258 573 354 638 trium
377 573 455 638 folia
476 573 549 659 apio
571 573 687 639 similia
709 586 795 654 sunt,
818 596 878 641 neo
900 584 1019 645 temere
1035 574 1231 665 semipedem

108 673 277 740 altitudine
304 673 479 753 excedunt,
508 674 673 741 cacumine
701 675 861 763 asparagi.
897 675 976 740 Flos
1000 697 1175 760 numquam
1197 697 1231 741 se
1246 690 1294 740 rat

108 775 212 862 aperit
232 774 296 840 nisi
318 784 413 840 vento
431 775 584 861 spirante,
606 775 693 840 unde
715 785 747 841 et
767 797 883 841 nomen
897 796 1061 861 accepere.
1083 772 1233 842 Silvestri

108 873 287 962 amplitudo
313 874 415 940 maior
442 875 675 960 latioribusque
696 875 797 954 foliis,
827 875 905 941 flore
926 874 1105 960 phoenicio.
1137 874 1233 940 Hanc

109 998 217 1043 errore
245 975 334 1041 ducti
360 996 555 1062 argemonen
582 986 696 1062 putant
722 975 833 1062 multi,
867 976 922 1041 alii
947 998 1063 1042 rursus
1089 998 1234 1063 papaver

108 1075 196 1160 quod
209 1075 328 1142 rhoean
349 1077 551 1152 vocavimus3
575 1077 634 1143 ssd
654 1076 818 1142 distinctio
839 1098 967 1164 magna,
990 1077 1078 1161 quod
1098 1087 1233 1161 utraque

108 1176 189 1242 haec
209 1187 322 1261 postea
342 1177 446 1256 floret,
468 1199 530 1242 nec
550 1187 608 1243 aut
628 1199 743 1244 sucum
764 1177 890 1244 illarum
905 1199 1080 1244 anemonae
1094 1176 1235 1242 reddunt

110 1289 167 1343 aut
187 1277 314 1362 calyces
334 1276 454 1343 habent
474 1300 535 1343 nec
557 1278 621 1343 nisi
643 1278 795 1366 asparagi
816 1300 979 1344 cucuma.
1000 1277 1142 1343 Prosunt
1155 1299 1232 1343 ane-

109 1398 224 1442 monae
237 1377 351 1463 capitis
367 1377 532 1444 doloribus
553 1389 585 1444 et
599 1377 914 1457 inflammationibus,
936 1379 1039 1444 volvis
1052 1377 1233 1455 mulierum,
1329 1398 1334 1419 ⁶

109 1478 183 1544 lacti
209 1498 351 1563 quoque;
387 1489 419 1544 et
446 1488 611 1545 menstrua
645 1478 732 1544 cient
767 1501 841 1545 cum
871 1478 977 1543 deuna
1003 1488 1151 1564 sumptae
1178 1488 1234 1542 aut

111 1578 228 1644 vellere
249 1577 425 1663 adpositae.
448 1578 557 1643 Radix
578 1579 830 1645 conmanducata
850 1579 999 1665 pituitam
1022 1580 1129 1656 trahit,
1151 1577 1232 1642 den·
1248 1593 1295 1639 teo

112 1677 153 1743 tis
179 1689 287 1758 sanat,
321 1679 456 1745 decocta
482 1680 647 1745 oculorum
675 1678 847 1766 epiphoras
874 1691 907 1745 et
929 1681 1104 1746 cicatrices.
1139 1677 1233 1767 Magi

85 1781 247 1869 „mmmm
274 1780 404 1865 quidem
430 1779 471 1845 lis
501 1779 661 1856 tribuere,
688 1779 926 1865 quamprimum
952 1779 1164 1866 adspiciatur,
1194 1802 1233 1845 eo

112 1902 194 1945 anno
216 1879 285 1946 tolli
305 1879 454 1946 iubentes
476 1880 603 1963 dicique
625 1878 733 1968 colligi
755 1901 827 1946 eam
846 1881 993 1946 tertianis
1014 1891 1047 1945 et
1068 1881 1233 1963 quartanis

111 1982 263 2060 remedio,
290 1992 403 2068 postea
422 1980 558 2070 adligari
587 1981 699 2046 florem
724 2002 832 2067 panno
858 2002 972 2046 russeo
997 1991 1031 2046 et
1058 1982 1091 2045 in
1118 1981 1235 2046 umbra

112 2082 292 2161 adservari,
314 2083 361 2146 ita
382 2104 455 2147 cum
477 2102 559 2166 opus
582 2081 624 2146 sit
644 2081 822 2168 adalligari.
850 2079 944 2163 Quae
964 2103 1007 2146 ex
1027 2080 1079 2146 his
1098 2081 1233 2168 phoeni-

112 2185 198 2250 cium
219 2183 331 2248 florem
358 2181 471 2260 habet,
508 2182 617 2247 radice
644 2183 796 2259 contrita,
832 2182 1022 2266 cuicumque
1048 2181 1234 2247 animalium

110 2283 253 2368 inposita
272 2286 364 2350 ulcus
385 2284 462 2348 facit
486 2282 626 2370 styptica
646 2283 694 2362 vi,
725 2294 757 2348 et
782 2283 856 2349 ideo
878 2283 1097 2370 expurgandis
1118 2283 1233 2349 ulceri-

110 2383 173 2449 bus
194 2384 375 2450 adhibetur.

151 2484 292 2551 XXIV.
324 2486 376 2552 95.
410 2485 580 2551 Oenanthe
602 2484 703 2552 herba
722 2484 867 2550 nascitur
887 2484 920 2548 in
942 2485 1055 2568 petris,
1078 2483 1154 2547 folio
1174 2503 1233 2567 pa·
1250 2494 1296 2542 let

109 2586 265 2664 stinacae,
287 2585 394 2652 radice
413 2608 543 2673 magna,
564 2606 742 2650 numerosa.
777 2581 888 2649 Cauiis
916 2583 987 2648 eius
1010 2593 1043 2647 et
1065 2583 1236 2649 soliacum

105 2686 205 2753 melle
231 2706 271 2752 ac
295 2685 371 2752 vino
396 2686 492 2775 nigro
518 2697 594 2774 pota
621 2684 807 2750 facilitatem
829 2684 975 2770 pariendi
996 2672 1162 2770 praestant
1183 2705 1234 2748 se·

106 2787 300 2872 cundasque
325 2798 483 2876 purgant,
517 2787 631 2853 tussim
657 2808 677 2852 e
703 2785 796 2852 melle
819 2785 950 2862 tollunt,
982 2785 1108 2851 urinam
1134 2783 1234 2858 cient;

104 2887 206 2961 radix
228 2897 262 2953 et
282 2888 409 2961 vesicae
430 2887 517 2955 vitiis
538 2887 691 2954 medetau.

104 3061 208 3125 legitur
218 3062 332 3126 reposuit
343 3061 422 3112 ilerd.
441 3102 472 3112 ..
490 3061 548 3111 Duo
559 3061 610 3111 cias
620 3077 716 3127 patara,
727 3061 848 3113 Dioscor.
861 3067 885 3123 2,
897 3065 955 3112 207.
973 3101 1004 3110 ..
1021 3059 1102 3124 prima
1113 3059 1236 3121 silvestrae,

104 3129 200 3181 Bvo.
218 3127 334 3178 alcaeo
343 3129 432 3193 prima,
444 3125 496 3194 βγ.
510 3169 541 3178 -
559 3127 637 3192 cultis,
652 3123 792 3182 ORVTd.
811 3129 836 3178 in
848 3127 924 3190 cotra,
936 3123 987 3194 βγ.
1005 3129 1039 3178 V.
1050 3130 1083 3178 ad
1094 3133 1136 3188 8³,
1151 3131 1233 3176 16.-

104 3195 202 3256 flam,
218 3189 356 3248 ORV'I'd.
379 3191 554 3260 Romaest.
572 3237 604 3247 -
625 3195 782 3262 phoeniciam,
794 3200 818 3247 d.
836 3195 976 3260 scaniam,
989 3196 1020 3245 R.
1045 3193 1189 3258 placiacum,
1202 3195 1235 3245 V.

99 3262 271 3326 phoeniceum,
282 3259 333 3329 βγ.
351 3305 384 3314 ..
404 3265 460 3325 tia,
471 3266 507 3315 V.
526 3305 557 3314 ..
575 3262 721 3328 mamam,
735 3266 759 3314 d.
776 3261 900 3328 aarum,
912 3266 943 3314 R
960 3279 1007 3311 sera
1020 3260 1091 3327 ipsae,
1103 3264 1138 3313 V.

145 3333 234 3396 5165.
252 3347 370 3395 accepere,
387 3325 526 3383 ORVTd.
544 3331 642 3396 accepit,
652 3327 682 3393 β.
701 3373 733 3382 ..
751 3330 927 3395 haumarum,
943 3324 1080 3381 ORVTd.
1103 3328 1242 3389 haedoue,-

104 3394 140 3459 β.
159 3396 328 3461 laubrafolia,
339 3398 548 3463 floaplsoeniasas,
559 3400 592 3449 Κ.
611 3440 643 3450 ..
653 3397 735 3463 soliis,
746 3400 801 3450 Vd.
818 3399 888 3463 flori,
899 3399 931 3449 R.
950 3439 982 3448 ..
996 3396 1127 3462 phoenicio,
1139 3401 1164 3449 d.
1179 3396 1237 3460 sos·

105 3466 187 3527 niceo,
199 3465 233 3516 Il.
247 3464 381 3530 placentam,
393 3462 475 3530 Vssr.
490 3506 521 3516 ..
539 3482 687 3531 mqemoaea,
699 3469 732 3518 R.
750 3481 905 3532 arqauoam,
916 3461 1020 3531 Vdflr.
1039 3506 1066 3514 ..
1085 3465 1145 3527 alia,
1157 3465 1191 3515 V.
1204 3505 1235 3514 ..

105 3532 201 3599 rayno,
213 3533 247 3583 V.
274 3549 344 3599 ryan,
361 3533 386 3583 d.
412 3532 481 3600 ruys,
497 3534 529 3584 R
555 3532 658 3595 rhoeam,
674 3530 703 3597 β.
725 3575 756 3584 ..
783 3533 925 3596 vocavimus,
944 3527 1030 3583 θΒΤ.
1057 3531 1237 3596 appellavimus,

105 3596 219 3664 Vdssr.
239 3601 328 3659 V.19‚
343 3607 399 3652 168.
418 3642 448 3651 -
476 3616 565 3665 magno
582 3600 709 3663 distinctio,
727 3603 751 3652 d.
777 3641 807 3650 -
834 3599 892 3650 taes
907 3599 1097 3664 poetaaflorent,
1114 3600 1176 3649 RV.
1203 3605 1238 3644 est

101 3666 303 3732 portcafloreat,
317 3671 341 3718 d.
367 3667 605 3732 estpoeteafloraas‚
621 3661 650 3718 θ.
670 3709 700 3718 ...
724 3683 844 3730 anemone,
856 3669 890 3719 V.
909 3710 940 3718 ..
964 3665 1169 3728 nucumve.
1196 3662 1239 3714 sed

105 3733 192 3800 φησί,
204 3737 238 3785 Κ.
257 3777 288 3785 -
308 3735 395 3797 utana,
407 3735 439 3786 R.
456 3735 538 3797 tisino,
550 3736 584 3787 V.
601 3735 707 3800 ptisana,
720 3732 789 3800 ᾱβγ.
808 3777 839 3786 -
858 3743 953 3799 sumpta
964 3742 997 3795 at,
1010 3734 1042 3785 R.

144 3806 162 3868 ξ
177 3807 239 3867 lte.
253 3810 275 3851 et
286 3801 416 3865 cicofficss,
431 3795 571 3855 ORV'I'd.
585 3805 642 3856 Om.
654 3798 684 3865 β.
704 3845 734 3854 ..
753 3802 848 3870 Magni,
860 3805 944 3854 VTd.
968 3802 1071 3866 Moatra,
1083 3802 1115 3851 R.
1134 3841 1165 3849 -
1184 3799 1236 3864 qus*-

107 3868 178 3931 dam,
191 3867 277 3921 TKd.
300 3869 422 3933 quiddam,
435 3871 519 3922 RVd.
539 3912 570 3920 ..
594 3870 638 3932 lte,
650 3871 713 3921 VT.
733 3912 764 3921 -
782 3887 854 3936 quom
863 3871 966 3934 mosum
977 3868 1102 3934 aspiciant,
1114 3869 1160 3918 Kl.
1186 3881 1237 3918 cum

103 3937 216 4001 primam
232 3937 388 4002 mpiciuatru,
405 3939 455 3989 K2.
475 3979 506 3987 ..
533 3937 642 3999 iubentes,
658 3940 722 3989 RV.
748 3937 827 3988 iubent
842 3938 872 4000 ei,
889 3940 913 3988 d.
937 3979 968 3988 ..
995 3952 1082 3995 nasso,
1098 3928 1236 3986 ORVTd.

108 4021 188 4062 roseo,
199 4000 251 4069 βγ.
271 4045 301 4055 ..
320 4004 460 4071 uallique,
472 4005 574 4056 Rv²a
598 4004 705 4070 adipati,
717 4006 792 4057 V¹K.
812 4047 843 4056 ..
858 4004 1058 4070 phoeniciamfll.
1077 4000 1237 4066 phoeniceum,

108 4067 220 4137 vostr.
240 4114 270 4123 ..
289 4071 362 4134 ulcera
374 4075 401 4125 V
412 4071 498 4136 (codd.
512 4069 585 4134 Gal.)
601 4071 687 4136 ulcera,
699 4075 731 4125 R.
749 4072 859 4136 ulcerata,
874 4067 954 4123 θΤᾶ.
975 4113 1004 4122 ..
1023 4068 1133 4135 styptica,
1148 4061 1200 4120 θΒ
1231 4103 1236 4116 .

110 4139 209 4204 stipata,
221 4141 275 4191 Te.
293 4139 391 4205 septica,
403 4143 476 4191 codd.
490 4141 546 4193 Gal.
558 4136 609 4205 βγ.
766 4149 767 4153 ’

112 4208 235 4324 malim
251 4205 326 4273 solio,
337 4208 402 4259 RV.
415 4206 492 4272 solea,
506 4210 529 4259 d.
553 4209 587 4258 V.
599 4208 718 4260 Dioscor.
731 4215 755 4270 3,
769 4214 825 4258 125.
845 4249 875 4257 -
892 4212 959 4270 pota,
972 4207 996 4255 d.
1016 4245 1046 4254 -
1071 4200 1168 4263 amella,
1181 4203 1236 4253 Vd.

169 4289 191 4337 a,
205 4277 237 4327 R.
672 4301 673 4304 =
743 4304 745 4311 ›
1189 4275 1192 4287 '
