2754 4726
220 312 282 376 130
569 326 774 374 narunanrs
796 322 990 372 nrsronrae

217 477 332 565 paucis
352 478 451 542 ramis
477 476 702 542 eminentibus.
738 476 912 541 Inventum
933 473 1102 559 Sibyllinis
1122 473 1215 540 libris
1233 474 1376 540 inter-n

202 578 385 644 necionem
405 576 569 643 hominum
590 578 661 643 lore
681 588 832 661 tantoque
853 598 925 642 eam
944 576 1107 653 maiorem,
1128 585 1250 659 quanto
1261 597 1342 662 pro·

215 679 291 763 pius
311 681 354 746 ab
375 678 456 745 urbe
477 690 591 764 postea
609 680 696 743 facta
708 686 804 743 meet.
827 674 913 742 Sunt
925 676 1075 764 prodigia
1087 686 1121 741 et
1134 697 1209 740 cum
1221 675 1340 743 alienis

215 781 294 845 locis
314 791 520 856 enascuntur,
542 789 580 843 ut
600 779 634 842 in
654 777 817 864 capitibus
838 789 1016 842 statuarum
1039 777 1089 841 vel
1108 777 1187 854 aris,
1206 788 1242 841 et
1260 798 1339 843 eum

214 881 249 944 in
270 880 440 946 arboribus
464 880 545 966 ipsis
570 879 702 944 alienae.
737 878 839 943 Ficus
867 880 901 942 in
927 878 1018 942 lauro
1043 889 1121 942 nata
1145 888 1195 943 est
1221 875 1340 962 Cyaid

215 993 289 1046 ante
310 981 528 1057 obsidionem,
554 980 650 1044 simili
678 980 775 1044 modo
796 978 957 1044 Trallibus
978 980 1085 1063 palma
1103 979 1138 1043 in
1158 977 1230 1044 basi
1250 976 1339 1045 Cae-

215 1083 298 1147 saris
319 1083 484 1148 dictatoris
504 1080 591 1147 cirea
610 1080 694 1145 bella
715 1080 821 1145 civilia
842 1078 922 1144 cius.
943 1079 1013 1143 Nec
1034 1101 1097 1143 non
1118 1091 1152 1144 et
1164 1078 1288 1145 Romae
1301 1080 1338 1146 in
1350 1097 1376 1143 n

215 1178 376 1266 Capitolio
396 1183 432 1246 in
452 1183 558 1267 capite
579 1180 669 1246 Iovis
690 1180 776 1246 bello
796 1181 909 1247 Persei
931 1192 1024 1244 enata
1043 1181 1150 1266 palma
1170 1180 1338 1248 victoriam

216 1282 460 1367 triumphosque
482 1282 662 1368 portendit3
692 1282 752 1346 hac
773 1281 1021 1367 tempestatibus
1042 1293 1202 1367 prostrata
1222 1283 1338 1349 ecdem

213 1384 283 1448 loco
305 1382 385 1448 fiens
406 1394 501 1448 enata
522 1394 571 1447 est
590 1382 640 1446 M.
661 1383 824 1447 Messalae
847 1381 886 1448 C.
910 1379 1006 1448 Cassi
1032 1405 1201 1448 censorum
1221 1383 1337 1462 lustro,

214 1506 234 1547 a
253 1505 320 1567 quo
340 1494 485 1569 tempore
506 1484 696 1569 pudicitiam
718 1484 905 1549 subversam
920 1483 997 1548 Piso
1012 1483 1121 1569 gravis
1134 1495 1245 1550 anaor
1257 1506 1337 1571 pro-

215 1584 306 1649 didit
330 1582 437 1672 Super
457 1585 565 1651 omnia
585 1606 669 1669 quae
691 1607 843 1668 umquam
863 1584 975 1649 audita
990 1596 1065 1648 sunt
1077 1584 1139 1648 erit
1151 1584 1337 1670 prodigium

214 1685 246 1747 in
268 1697 381 1750 nostro
402 1708 482 1751 aevo
502 1685 642 1750 Neronis
663 1684 819 1770 principis
841 1686 935 1749 ruina
956 1686 1075 1749 factum
1095 1685 1131 1749 in
1151 1706 1231 1772 agro
1243 1683 1338 1751 Mar·

213 1786 337 1864 tucino,
360 1785 457 1851 Venti
470 1785 650 1850 Marcellie
669 1784 783 1870 primis
804 1786 961 1869 equestris
981 1786 1103 1850 ordinis
1123 1787 1241 1852 oliveto
1259 1788 1335 1852 uni·

213 1908 309 1951 verso
331 1887 417 1951 viam
436 1885 600 1972 publicam
623 1890 824 1974 transgresso
852 1888 1004 1970 arvisque
1029 1885 1104 1950 inde
1131 1909 1150 1952 e
1176 1889 1337 1954 conuaric

215 1987 248 2050 in
270 1987 376 2051 locum
397 1986 507 2051 oliveti
528 1987 692 2072 profectis.

268 2087 406 2154 XXVI.
438 2089 491 2152 39.
522 2088 620 2152 Nunc
652 2088 807 2173 expositis
837 2088 988 2153 arborum
1017 2087 1136 2153 morbis
1167 2098 1376 2155 contenta-24

211 2208 309 2250 neum
331 2198 382 2250 est
402 2187 509 2252 dicere
530 2198 563 2252 et
583 2189 733 2252 remedia
756 2188 811 2253 Ex
831 2189 882 2253 his
894 2190 1052 2272 quaedam
1070 2200 1147 2254 sunt
1165 2190 1337 2257 conmuni·

211 2285 363 2365 omnium,
386 2287 543 2370 quaedam
556 2288 687 2374 propria
700 2290 916 2372 quarundam
938 2290 1109 2355 conmuuia
1120 2289 1337 2376 ablaqueatio,

212 2385 434 2464 adcnmnlnfio,
456 2387 568 2452 adflari
580 2390 707 2454 radices
721 2402 776 2454 aut
792 2391 960 2475 cooperiri,
983 2391 1086 2478 riguis
1099 2392 1176 2458 dato
1187 2403 1269 2478 potu
1281 2393 1336 2459 vel

213 2484 330 2564 ablato,
352 2487 419 2550 fimi
442 2510 518 2553 suco
539 2491 678 2566 refectis,
699 2492 864 2576 putatione
885 2491 1001 2556 levatis
1022 2514 1134 2567 onere3
1154 2493 1233 2557 itam
1254 2514 1337 2559 enon

213 2587 332 2652 emisso
351 2589 509 2672 quaedam
530 2591 629 2656 veluti
651 2591 805 2657 detractio
827 2593 1005 2679 sanguinis,
1034 2594 1238 2659 circumrasio
1259 2616 1333 2660 cor-

213 2688 296 2767 ticis,
328 2690 442 2755 vitium
471 2694 656 2757 extenuatio
677 2706 709 2756 et
730 2694 889 2758 domitura
910 2694 1087 2778 palmitum,
1120 2716 1332 2780 gemmarum,

212 2790 240 2855 si
261 2791 364 2877 frigus
385 2794 558 2857 retorridas
579 2795 744 2878 hirtasque
761 2795 882 2872 fecerit,
904 2796 1113 2879 repumicatio
1126 2807 1160 2861 et
1172 2794 1334 2879 quaedam

212 2891 360 2976 politura.
381 2892 548 2960 Arborum
570 2894 619 2958 his
641 2897 721 2959 aliae
744 2895 858 2981 magis,
875 2896 955 2960 aliae
970 2897 1078 2962 minus
1093 2896 1246 2985 gaudent,
1262 2895 1332 2961 vel-
1345 2908 1376 2954 2⁴

245 3067 330 3128 5244.
357 3065 573 3129 intercidamus.
594 3110 623 3117 -
643 3085 702 3128 eam,
715 3072 739 3118 d.
759 3076 886 3131 tanlquam,
898 3086 921 3119 a.
940 3070 998 3122 Om.
1010 3070 1041 3119 Τ.
1062 3090 1092 3118 .;
1109 3068 1228 3133 propriata,
1240 3085 1264 3118 a.
1283 3067 1333 3119 Ce-

210 3139 290 3180 terum
308 3133 335 3181 in
351 3134 390 3182 his
405 3150 445 3184 vv.
461 3137 525 3186 latet
540 3136 689 3200 corruptela.
717 3135 774 3197 Quo
791 3136 859 3184 enim
874 3136 1017 3186 referuntur
1031 3152 1069 3186 vv.
1079 3135 1241 3200 posteafacta
1253 3136 1333 3186 esset?

211 3197 281 3244 Num
293 3201 325 3246 ad
336 3198 528 3251 internecionem?
540 3206 578 3252 At
589 3206 640 3253 hoc
652 3207 736 3267 inepte
748 3205 838 3253 dicitur
849 3211 874 3252 et
882 3205 981 3253 nullum
991 3220 1093 3267 prorsus
1102 3219 1203 3254 sensum
1212 3203 1332 3253 admittit

210 3263 255 3309 An
264 3265 297 3312 ed
305 3264 411 3311 arborem
419 3268 591 3318 minantem?
608 3272 646 3319 At
654 3274 691 3320 ita
700 3286 739 3319 vv.
747 3278 831 3332 postea
837 3271 913 3333 sacta
925 3273 1019 3335 pariter
1031 3286 1135 3334 quoquo
1149 3286 1224 3320 seusa
1236 3278 1332 3320 carent.

212 3329 247 3378 Et
256 3331 315 3392 quid
328 3331 353 3378 in
366 3333 509 3382 universum
522 3337 548 3383 h.
560 3337 578 3382 l.
591 3338 636 3383 sibi
649 3339 706 3384 vult
716 3339 861 3386 adverbium
870 3341 970 3402 postea?
983 3340 1088 3402 Scripsit
1098 3339 1164 3388 Plin.
1176 3345 1266 3400 quanto
1273 3352 1332 3401 pro·

210 3395 267 3458 pias
278 3397 310 3443 ab
321 3398 377 3473 urbe
389 3398 460 3459 posi
464 3406 493 3447 to
504 3415 538 3446 eo
550 3398 597 3459 (sc.
609 3401 654 3450 illa
665 3399 768 3461 arbore)
777 3404 856 3513 gaeta
871 3413 931 3453 esset
941 3422 975 3456 sc.
986 3407 1124 3456 internecio
1136 3405 1280 3455 hominum.
1297 3444 1331 3455 ..

210 3479 261 3510 curn
273 3463 405 3520 arboribus,
417 3466 507 3514 Ambr.
520 3466 542 3513 Ι.
554 3466 588 3516 [L
609 3506 639 3513 ..
655 3466 760 3528 palmae,
799 3505 805 3516 .

243 3558 329 3621 §m
356 3554 409 3606 Nee
420 3572 466 3605 non
478 3563 508 3615 et,
520 3572 542 3606 a
560 3554 679 3617 Necnon,
692 3561 715 3608 d.
729 3599 759 3606 ..
779 3561 1003 3627 capite,Ambr.12
1019 3563 1107 3628 capitu,
1119 3566 1156 3614 ad
1168 3560 1332 3629 (Ambull.)

210 3663 241 3672 ..
260 3622 376 3683 locali.
398 3621 740 3688 to,ad(nmbr.1.11.)ss.
761 3667 791 3675 ..
815 3625 867 3690 boe,
880 3633 965 3691 d.·oc‚
978 3649 1000 3681 a.
1023 3673 1055 3682 -
1079 3630 1197 3696 pudicitia
1208 3632 1332 3694 sebum

208 3705 232 3739 a.
253 3696 286 3740 ''-
314 3690 340 3739 in
356 3698 436 3739 nostw
450 3706 508 3739 nevo
523 3707 586 3739 anno
597 3689 702 3741 Neronis
714 3693 832 3757 principie
848 3712 964 3759 supremo,
980 3699 1125 3750 Markland.
1142 3700 1174 3749 ad
1187 3698 1253 3751 stat
1266 3699 1332 3751 silv.

208 3755 256 3806 lv.
270 3763 346 3819 net.
360 3758 534 3820 0011.1²1in.2‚
549 3763 605 3809 res.
625 3801 656 3808 -
681 3759 754 3824 Van,
766 3778 789 3812 a.
814 3762 894 3826 Venit,
906 3769 930 3816 u.
948 3767 1009 3816 vid.
1022 3772 1046 3828 2,
1063 3771 1118 3817 ree.

241 3852 327 3913 5246.
353 3848 514 3928 ripuar‚ad².
533 3851 591 3902 Om.
604 3853 641 3901 d¹.
660 3893 692 3902 -
706 3861 787 3918 portu,
800 3871 822 3905 a
843 3896 869 3905 -
888 3856 984 3919 fimum,
997 3859 1070 3909 Tad.
1088 3899 1121 3909 -
1140 3857 1242 3923 patebo,
1255 3858 1332 3910 Tad.

112 3978 116 3985 .
207 3954 240 3965 -
257 3916 324 3966 sacci
332 3917 432 3978 emutio,
444 3919 509 3968 Pina
529 3959 560 3968 -
578 3917 700 3982 datram
713 3939 735 3972 a
754 3921 902 3986 detractatio,
919 3917 969 3975 θᾱ.
988 3967 1020 3976 -
1038 3925 1185 3988 camurani,
1197 3941 1221 3975 a.
1234 3967 1268 3975 -
1286 3924 1332 3975 do-

205 3982 301 4045 mitura,
314 3987 338 4034 d.
365 3982 523 4048 dominatura,
535 4002 558 4037 a.
576 3985 731 4051 dominarum,
745 3984 804 4049 01),
816 3993 851 4041 ita
862 3999 891 4041 ut
901 4007 941 4041 vv.
949 3991 1085 4056 palmitum,
1095 4009 1240 4058 pemmonem
1252 3996 1333 4045 omit·

204 4053 299 4103 tantur.
318 4092 350 4103 ...
366 4068 520 4116 peramarum,
533 4054 557 4104 d.
574 4055 727 4119 peninomm,
740 4074 763 4106 a.
784 4058 902 4120 Geminae,
913 4054 943 4119 β.

239 4136 326 4198 §2⁴⁷-
352 4135 432 4197 lina.
453 4134 575 4203 ιἰζι,ᾶβγ.
598 4140 1068 4207 Dercv.Thcophr.hist.plantIL
1082 4149 1105 4206 t,
1120 4153 1141 4196 l.
1164 4184 1197 4194 ..
1220 4152 1332 4198 mano.

201 4194 301 4267 Ιίῲυιὶς,
311 4200 341 4268 β.
355 4244 386 4254 ...
404 4205 466 4264 ata,
478 4208 552 4257 Tad.
570 4216 593 4257 et
603 4208 666 4269 vitis,
682 4201 733 4270 θγ.
751 4218 775 4256 et
785 4209 850 4269 vites,
859 4206 888 4271 β.
902 4252 933 4261 ..
951 4213 1081 4274 marcescit,
1095 4215 1173 4264 Hand.
1191 4221 1333 4275 nm

200 4277 227 4314 α.
245 4272 364 4334 merant,
376 4267 426 4334 ᾱβ.
444 4272 563 4336 inarescit,
575 4292 594 4325 r.
614 4316 645 4325 -
664 4274 1331 4345 omypdaloe'lhsophr.decaus.plant.11Llm.
