2754 4726
167 273 229 337 164
521 281 725 330 naruanrus
747 280 941 327 mercarer,

165 441 293 506 riantur
319 437 353 502 in
380 434 467 501 vasis
494 435 596 500 donec
628 439 791 510 acescant3
825 431 900 496 hinc
926 429 1117 493 fermentum
1145 428 1287 494 diluitur.

166 539 251 606 Oum
275 539 365 604 fieret
390 547 496 603 autem
522 533 843 621 panishordeacius,
872 531 940 598 ervi
962 541 1018 596 aut
1039 531 1213 596 cicerculae
1235 530 1288 595 ia-

164 641 235 705 rina
255 640 327 726 ipse
349 636 617 711 ierrncntabatur3
639 636 760 700 iustum
782 644 850 699 crat
872 633 955 698 duae
977 631 1078 697 librae
1097 631 1132 694 in
1145 631 1289 716 quinque

165 741 335 809 semodios.
357 737 453 803 Nune
474 737 667 802 fermentum
688 736 727 800 fit
747 758 788 800 ex
808 735 880 822 ipsa
901 732 1005 798 farina
1027 755 1111 816 quae
1126 732 1290 822 subigitur
1305 749 1354 797 lor

166 843 258 929 prius
280 863 377 925 quam
398 839 535 905 addatur
557 838 614 915 sal,
636 837 678 902 ad
698 837 798 923 pultis
821 837 952 901 modum
973 835 1106 899 decocta
1127 845 1159 898 et
1176 836 1290 901 relicta

166 945 271 1009 donec
298 950 455 1018 acescat3.
471 939 568 1025 volgo
590 960 666 1003 vero
691 960 752 1003 nec
781 936 1054 1003 subfervefaciunt
1081 935 1139 1000 sed
1165 946 1290 1003 tantum

166 1043 271 1130 pridie
303 1042 472 1107 adservata
504 1040 639 1104 materia
673 1049 827 1116 utuntur,
859 1039 1028 1125 palamque
1061 1048 1110 1101 est
1141 1048 1290 1103 naturam

166 1166 259 1209 acore
280 1141 474 1219 fermentari,
497 1140 580 1206 sicut
602 1140 777 1205 evalidiora
798 1162 868 1205 esse
890 1161 1025 1224 corpora
1046 1160 1128 1221 quae
1148 1138 1289 1204 fermen-

167 1254 235 1308 tato
256 1265 339 1329 pane
361 1242 504 1318 alantur,
527 1241 648 1327 quippe
670 1263 743 1306 cum
765 1241 853 1327 apud
874 1251 998 1304 veteres
1019 1239 1290 1325 ponderosissimo

70 1396 71 1403 ,
167 1345 283 1428 cuique
305 1345 410 1409 tritico
431 1343 605 1429 praecipua
627 1342 798 1408 salubritas
819 1341 977 1427 perhibita
999 1341 1050 1405 sit.

211 1447 261 1510 27.
283 1443 385 1510 Panis
398 1443 504 1529 ipsius
518 1443 610 1507 varia
631 1465 749 1530 genera
770 1443 919 1529 persequi
936 1464 1177 1528 ¹supervacuum
1199 1441 1352 1507 vide-105

168 1556 236 1623 tur,
259 1545 339 1611 alias
360 1544 402 1611 ab
423 1543 564 1631 opsoniis
586 1544 747 1631 appellati,
770 1555 806 1608 ut
827 1543 988 1621 ostrearii,
1012 1543 1090 1608 alias
1115 1566 1137 1607 a
1157 1543 1289 1622 deliciis,

166 1656 203 1710 ut
223 1645 418 1734 artolagani,
451 1645 531 1711 alias
551 1668 572 1710 a
599 1645 817 1721 festinatione,
845 1655 883 1708 ut
903 1644 1071 1731 spenstici,
1103 1666 1163 1709 nec
1183 1667 1250 1710 non
1271 1667 1291 1708 a

168 1746 326 1830 coquendi
347 1747 483 1824 ratione,
505 1757 543 1809 ut
566 1744 709 1810 furnacei
737 1746 789 1811 vel
816 1746 985 1830 artopticei
1012 1745 1127 1810 autin
1155 1745 1291 1811 clibanis

167 1846 265 1925 cocti,
294 1867 358 1911 non
384 1840 512 1932 pridem'
532 1847 629 1911 etiam
651 1858 675 1910 e'
690 1845 820 1911 Parthie
840 1847 970 1912 invecto
991 1869 1085 1931 quem
1107 1846 1291 1930 aquaticum

171 1958 299 2025 vocant,
321 1947 473 2032 quoniam
492 1968 577 2032 aqua
596 1946 733 2012 trahitur
748 1971 767 2011 a
782 1948 870 2014 tenui
886 1959 919 2014 et
933 1971 1113 2034 spongeosa
1127 1948 1291 2026 inanitate,
1327 2005 1330 2013 ,

168 2048 223 2114 alii
236 2047 434 2114 Parthicum.
458 2046 592 2114 Summa
606 2049 677 2113 laus
693 2048 829 2135 siliginis
849 2050 990 2115 bonitate
1012 2061 1044 2114 et
1067 2048 1164 2115 cribri
1185 2049 1292 2114 tenni-

168 2159 234 2213 tate
248 2158 380 2213 constat.
403 2147 546 2229 Quidam
560 2171 602 2214 ex
616 2148 686 2214 ovis
701 2159 756 2214 aut
774 2151 858 2215 lacte
881 2150 1052 2238 subigunt,
1075 2149 1193 2236 butyro
1213 2164 1354 2216 vcro1⁰6

168 2257 283 2334 gentes
310 2248 408 2314 etiam
432 2262 581 2335 pacatae,
613 2249 656 2314 ad
685 2251 793 2336 operis
820 2252 945 2338 pistorii
966 2264 1086 2339 genera
1107 2261 1292 2317 transeunte

167 2370 255 2414 cura.
276 2347 384 2413 Durat
406 2370 465 2415 sua
484 2349 608 2415 Piceno
628 2351 663 2415 iu
683 2352 777 2437 panis
797 2352 982 2418 inventione
1003 2352 1107 2439 gratia
1127 2374 1170 2418 ex
1190 2352 1292 2418 alicae

170 2448 321 2524 materia3
343 2471 419 2514 eum
440 2473 557 2516 novem
578 2451 693 2518 diebus
714 2465 910 2519 maceratum
926 2454 1067 2538 decumo
1087 2454 1128 2518 ad
1150 2455 1293 2540 speciem

170 2558 291 2614 tractae
318 2549 472 2640 subigunt
500 2575 583 2618 uvae
609 2576 724 2640 passae
753 2577 847 2632 suco,
880 2565 993 2641 postea
1018 2555 1052 2620 in
1086 2555 1190 2620 fiunis
1218 2554 1291 2621 ollis

167 2649 317 2728 inditum,
339 2672 423 2736 quae
437 2664 626 2740 rumpantur
646 2654 709 2734 ibi,
732 2665 870 2734 torrent;
893 2677 997 2740 neque
1019 2667 1123 2722 estex
1142 2678 1180 2722 eo
1198 2656 1290 2722 cibus

167 2750 230 2815 nisi
251 2750 445 2830 madefacto,
473 2754 560 2839 quod
579 2754 617 2819 fit
637 2757 718 2821 lacte
738 2778 888 2821 maxume
907 2757 1022 2822 mulso.

202 2952 348 3016 hordeacias,
361 2973 384 3007 a.
403 2957 555 3022 hordeaceae,
568 2957 639 3026 ᾱβγ.
650 3001 681 3010 ..
694 2960 752 3023 ervi,
765 2955 860 3012 OTdr.
873 2960 945 3020 bavi,
954 2979 977 3013 a.
995 2961 1100 3024 milche,
1110 2963 1184 3013 codd.
1193 2963 1252 3015 del.
1260 2957 1291 3024 β.

169 3062 200 3072 ..
210 3023 303 3086 farina
313 3025 372 3088 ipse,
382 3020 456 3078 OTr.
466 3027 553 3091 farine
563 3029 621 3092 ipse,
631 3031 655 3078 d.
665 3028 753 3092 farine
763 3029 821 3094 ipse,
830 3046 853 3079 a.
871 3028 1022 3092 αάηιίπίίοηο,
1030 3032 1064 3081 Κ.
1074 3031 1165 3093 farina
1175 3031 1206 3092 ei,
1214 3032 1291 3080 codd.

168 3089 226 3140 Gel.
238 3085 267 3150 β.
287 3131 318 3140 ..
333 3092 534 3157 fermentabatur,
547 3097 650 3148 TKad.
664 3091 928 3159 frameatabatrer,01.
948 3098 1204 3162 praesumeremus,
1215 3100 1291 3149 codd.

169 3155 226 3207 cel.
238 3151 268 3216 β.
287 3197 319 3209 -
337 3158 430 3221 iustam,
442 3163 531 3213 Tadr.
552 3163 689 3228 iustamque,
699 3161 730 3227 β.

202 3244 287 3306 5104.
314 3249 516 3314 suffewefaciaat
529 3257 545 3303 d
557 3253 643 3316 (codd.
657 3254 727 3319 Gel.)
745 3255 983 3320 sufferuerefaeiaat,
995 3273 1018 3307 a
1032 3298 1063 3307 ..
1081 3265 1117 3306 art
1126 3264 1246 3318 natarum,
1261 3250 1291 3307 θ.

167 3319 332 3390 nataramast,
344 3317 389 3365 ad.
414 3325 504 3366 natura
513 3327 555 3379 est,
572 3317 602 3380 β.
624 3362 656 3371 -
682 3321 822 3385 evalidiora,
843 3318 906 3374 Oad
922 3323 1008 3387 (codd.
1020 3325 1100 3375 Turn.
1112 3327 1168 3375 adv.
1181 3329 1222 3383 28,
1235 3323 1292 3388 42.)

168 3387 192 3428 et
206 3377 334 3442 valedrora,
349 3377 400 3446 βγ.
427 3384 487 3434 Non
504 3386 616 3436 dubitavi
633 3389 785 3438 adiectirnm
802 3393 887 3441 adhuc
904 3393 1062 3455 incognitum
1079 3392 1199 3456 recipere,
1220 3393 1293 3456 qnod

168 3448 235 3498 Plin.
247 3457 294 3499 ant
304 3449 336 3498 ab
348 3450 406 3500 aliia
417 3452 515 3515 accepit
527 3460 571 3502 ant
582 3455 637 3516 ipse
647 3455 729 3516 finxit,
741 3464 771 3506 nt
782 3459 825 3521 qni
836 3459 913 3508 verbo
926 3457 1073 3508 walaceadi
1083 3468 1183 3524 praeter
1193 3467 1294 3510 ceteros

168 3522 262 3567 utatur.
282 3556 313 3566 ..
332 3513 438 3579 alantur,
449 3520 495 3568 ad.
513 3517 617 3581 alantur,
627 3517 679 3586 βγ.

203 3609 289 3670 §loa
315 3606 477 3669 drbsnrbd.
498 3607 551 3658 alia
561 3611 648 3672 saba.
668 3652 699 3662 ..
721 3609 986 3677 appellatore...
1009 3599 1203 3680 urrumnoda.
1226 3618 1295 3667 aaa

170 3673 253 3732 mari,
266 3676 290 3723 d.
310 3715 336 3724 -
363 3675 480 3739 memmi
493 3679 567 3727 codd.
580 3677 637 3728 Gal.
659 3680 777 3743 scapum,
790 3685 833 3732 ad.
853 3725 884 3733 ..
907 3684 1083 3749 qaoqaeadta
1102 3726 1133 3734 ..
1157 3684 1295 3749 ανιοριὼεί,

168 3741 311 3791 Bethana.
328 3741 457 3805 artopticii,
470 3739 541 3808 ἀβγ.
560 3785 592 3795 ...
613 3745 711 3808 inuecto,
724 3751 761 3799 ad
773 3747 859 3811 (codd.
872 3750 943 3815 Gal.)
965 3752 1075 3813 invectae,
1090 3745 1141 3817 07.
1163 3793 1187 3802 -
1213 3768 1296 3816 aquo·

170 3808 249 3869 ticam,
261 3824 285 3858 a.
303 3849 335 3860 ..
354 3825 372 3858 a
383 3816 450 3859 tenue
461 3817 624 3876 etspoaqeosa
635 3813 759 3878 inanitate,
770 3833 793 3867 a.
811 3815 847 3866 ad
858 3825 946 3868 tenuem
954 3828 979 3868 et
985 3821 1135 3884 spoayioram
1145 3819 1295 3882 inanitatem,

172 3868 251 3926 OTd.
270 3882 359 3926 manem
371 3883 395 3926 et
403 3878 530 3942 epoaprbsa
539 3879 663 3943 inanitate,
673 3878 703 3943 β.

202 3960 289 4022 §loa
316 3961 416 4024 ικουίε,
433 3956 534 4016 Orsa
555 3964 686 4031 etcum.
705 4011 736 4020 ..
760 3970 843 4032 butiro,
855 3987 878 4021 a.
896 4013 928 4022 -
947 3973 1077 4037 putarim.
1096 4014 1128 4023 -
1147 3988 1205 4036 acra,
1218 3976 1296 4027 codd·

168 4028 225 4081 (iel.
252 4045 312 4089 oum,
328 4023 430 4081 OTad.
451 4073 478 4081 -
508 4044 660 4095 marasiam,
672 4037 709 4087 ita
720 4053 767 4089 nos
779 4039 931 4103 scripsimus.
955 4048 1083 4101 maeonio,
1096 4035 1197 4092 orac.
1215 4056 1297 4091 maee-

166 4102 231 4157 raat‚
244 4098 317 4149 codd.
331 4097 389 4150 Gel.
400 4093 452 4164 βγ.
467 4141 498 4150 ..
517 4108 608 4152 tractae
618 4103 735 4169 subruant,
747 4108 819 4156 codd.
832 4106 888 4157 cel.
908 4114 986 4157 tracta
997 4108 1076 4159 arabi
1087 4116 1181 4170 tanea.
1200 4114 1298 4159 traam
1359 4152 1362 4157 .

166 4162 249 4293 :naplrpg
258 4171 320 4284 iiic,
333 4167 386 4219 Τὰ.
406 4173 497 4217 tractae
508 4170 613 4233 subacto,
629 4164 657 4222 θ.
677 4213 708 4222 -
726 4171 838 4235 inclitam,
850 4189 874 4224 a.
893 4215 924 4223 ..
948 4175 1029 4238 eldaa
1041 4193 1063 4227 a.
1083 4218 1114 4226 ..
1136 4175 1241 4226 marrae
1252 4185 1298 4227 aut
