<?xml version="1.0" encoding="UTF-8"?>
<!DOCTYPE html PUBLIC "-//W3C//DTD XHTML 1.0 Transitional//EN"
    "http://www.w3.org/TR/xhtml1/DTD/xhtml1-transitional.dtd">
<html xmlns="http://www.w3.org/1999/xhtml" xml:lang="en" lang="en">
 <head>
  <title>
</title>
<meta http-equiv="Content-Type" content="text/html;charset=utf-8" />
  <meta name='ocr-system' content='tesseract 3.04.00' />
  <meta name='ocr-capabilities' content='ocr_page ocr_carea ocr_par ocr_line ocrx_word'/>
</head>
<body>
  <div class='ocr_page' id='page_1' title='image "./cplinisecundina02grongoog_0353.png"; bbox 0 0 2754 4726; ppageno 0'>
   <div class='ocr_carea' id='block_1_1' title="bbox 160 293 936 363">
    <p class='ocr_par' dir='ltr' id='par_1_1' title="bbox 160 293 936 363">
     <span class='ocr_line' id='line_1_1' title="bbox 160 293 936 363; baseline -0.013 -6"><span class='ocrx_word' id='word_1_1' title='bbox 160 293 223 357; x_wconf 79' lang='lat'>342</span> <span class='ocrx_word' id='word_1_2' title='bbox 513 302 718 351; x_wconf 74' lang='lat' dir='ltr'>annuarum</span> <span class='ocrx_word' id='word_1_3' title='bbox 741 301 936 363; x_wconf 66' lang='lat' dir='ltr'>maronica</span> 
     </span>
    </p>
   </div>
   <div class='ocr_carea' id='block_1_2' title="bbox 160 453 1346 1048">
    <p class='ocr_par' dir='ltr' id='par_1_2' title="bbox 160 453 1287 835">
     <span class='ocr_line' id='line_1_2' title="bbox 160 453 1286 546; baseline -0.002 -21"><span class='ocrx_word' id='word_1_4' title='bbox 160 468 220 546; x_wconf 89' lang='lat' dir='ltr'>put</span> <span class='ocrx_word' id='word_1_5' title='bbox 250 457 353 523; x_wconf 87' lang='lat' dir='ltr'>viride</span> <span class='ocrx_word' id='word_1_6' title='bbox 386 455 436 523; x_wconf 89' lang='lat' dir='ltr'>vcl</span> <span class='ocrx_word' id='word_1_7' title='bbox 476 455 597 522; x_wconf 89' lang='lat' dir='ltr'>siceum</span> <span class='ocrx_word' id='word_1_8' title='bbox 628 454 755 522; x_wconf 90' lang='lat' dir='ltr'>inlitum</span> <span class='ocrx_word' id='word_1_9' title='bbox 793 453 964 540; x_wconf 71' lang='lat' dir='ltr'><strong>epiphoras</strong></span> <span class='ocrx_word' id='word_1_10' title='bbox 996 454 1161 523; x_wconf 87' lang='lat' dir='ltr'>oculorum</span> <span class='ocrx_word' id='word_1_11' title='bbox 1195 453 1286 523; x_wconf 82' lang='lat' dir='ltr'>lenit.</span> 
     </span>
     <span class='ocr_line' id='line_1_3' title="bbox 161 555 1287 645; baseline 0.001 -22"><span class='ocrx_word' id='word_1_12' title='bbox 161 556 284 645; x_wconf 87' lang='lat' dir='ltr'>Opium</span> <span class='ocrx_word' id='word_1_13' title='bbox 306 579 347 623; x_wconf 91' lang='lat' dir='ltr'>ex</span> <span class='ocrx_word' id='word_1_14' title='bbox 368 558 443 623; x_wconf 91' lang='lat' dir='ltr'>vino</span> <span class='ocrx_word' id='word_1_15' title='bbox 464 557 625 623; x_wconf 76' lang='lat' dir='ltr'>meraculo</span> <span class='ocrx_word' id='word_1_16' title='bbox 646 557 674 623; x_wconf 91' lang='lat' dir='ltr'>si</span> <span class='ocrx_word' id='word_1_17' title='bbox 695 557 843 643; x_wconf 88' lang='lat' dir='ltr'>protinus</span> <span class='ocrx_word' id='word_1_18' title='bbox 865 555 970 634; x_wconf 88' lang='lat' dir='ltr'>detur,</span> <span class='ocrx_word' id='word_1_19' title='bbox 992 555 1199 641; x_wconf 87' lang='lat' dir='ltr'>scorpionum</span> <span class='ocrx_word' id='word_1_20' title='bbox 1212 555 1287 625; x_wconf 89' lang='lat' dir='ltr'>icti·</span> 
     </span>
     <span class='ocr_line' id='line_1_4' title="bbox 160 654 1287 743; baseline -0.002 -18"><span class='ocrx_word' id='word_1_21' title='bbox 160 657 223 727; x_wconf 90' lang='lat' dir='ltr'>bus</span> <span class='ocrx_word' id='word_1_22' title='bbox 243 657 373 725; x_wconf 86' lang='lat' dir='ltr'>resistit.</span> <span class='ocrx_word' id='word_1_23' title='bbox 396 655 509 742; x_wconf 87' lang='lat' dir='ltr'>Aliqui</span> <span class='ocrx_word' id='word_1_24' title='bbox 530 657 591 724; x_wconf 91' lang='lat' dir='ltr'>hcc</span> <span class='ocrx_word' id='word_1_25' title='bbox 613 667 736 724; x_wconf 90' lang='lat' dir='ltr'>tantum</span> <span class='ocrx_word' id='word_1_26' title='bbox 757 658 850 743; x_wconf 86' lang='lat' dir='ltr'>nigm</span> <span class='ocrx_word' id='word_1_27' title='bbox 872 657 1026 736; x_wconf 85' lang='lat' dir='ltr'>tribuant,</span> <span class='ocrx_word' id='word_1_28' title='bbox 1049 656 1076 721; x_wconf 86' lang='lat' dir='ltr'>si</span> <span class='ocrx_word' id='word_1_29' title='bbox 1091 655 1202 740; x_wconf 85' lang='lat' dir='ltr'>capita</span> <span class='ocrx_word' id='word_1_30' title='bbox 1216 654 1287 723; x_wconf 83' lang='lat' dir='ltr'>eius</span> 
     </span>
     <span class='ocr_line' id='line_1_5' title="bbox 160 759 1170 835; baseline -0.004 -8"><span class='ocrx_word' id='word_1_31' title='bbox 160 759 214 835; x_wconf 77' lang='lat' dir='ltr'>vel</span> <span class='ocrx_word' id='word_1_32' title='bbox 232 759 308 829; x_wconf 87' lang='lat' dir='ltr'>iolia</span> <span class='ocrx_word' id='word_1_33' title='bbox 329 769 482 826; x_wconf 81' lang='lat' dir='ltr'>terantur.</span> <span class='ocrx_word' id='word_1_34' title='bbox 1166 760 1170 766; x_wconf 50' lang='lat'><strong>⁴</strong></span> 
     </span>
    </p>

    <p class='ocr_par' dir='ltr' id='par_1_3' title="bbox 160 859 1346 1048">
     <span class='ocr_line' id='line_1_6' title="bbox 202 859 1346 946; baseline -0.003 -21"><span class='ocrx_word' id='word_1_35' title='bbox 202 859 288 925; x_wconf 90' lang='lat' dir='ltr'>XX.</span> <span class='ocrx_word' id='word_1_36' title='bbox 309 862 362 926; x_wconf 88' lang='grc'>81.</span> <span class='ocrx_word' id='word_1_37' title='bbox 384 859 446 925; x_wconf 78' lang='lat' dir='ltr'>list</span> <span class='ocrx_word' id='word_1_38' title='bbox 460 871 493 925; x_wconf 94' lang='lat' dir='ltr'>et</span> <span class='ocrx_word' id='word_1_39' title='bbox 506 860 678 944; x_wconf 89' lang='lat' dir='ltr'>porcillaca</span> <span class='ocrx_word' id='word_1_40' title='bbox 692 882 789 944; x_wconf 92' lang='lat' dir='ltr'>quam</span> <span class='ocrx_word' id='word_1_41' title='bbox 803 859 913 946; x_wconf 87' lang='lat' dir='ltr'>peplin</span> <span class='ocrx_word' id='word_1_42' title='bbox 927 868 1056 938; x_wconf 84' lang='lat' dir='ltr'>vocant,</span> <span class='ocrx_word' id='word_1_43' title='bbox 1071 880 1136 925; x_wconf 90' lang='lat' dir='ltr'>nou</span> <span class='ocrx_word' id='word_1_44' title='bbox 1147 859 1346 931; x_wconf 76' lang='lat' dir='ltr'>multumne</span> 
     </span>
     <span class='ocr_line' id='line_1_7' title="bbox 160 959 1288 1048; baseline -0.004 -19"><span class='ocrx_word' id='word_1_45' title='bbox 160 961 266 1029; x_wconf 80' lang='lat' dir='ltr'>sativa</span> <span class='ocrx_word' id='word_1_46' title='bbox 274 960 444 1041; x_wconf 84' lang='lat' dir='ltr'>efficacior,</span> <span class='ocrx_word' id='word_1_47' title='bbox 456 961 548 1027; x_wconf 91' lang='lat' dir='ltr'>cuius</span> <span class='ocrx_word' id='word_1_48' title='bbox 559 959 782 1027; x_wconf 80' lang='lat' dir='ltr'>memorabiles</span> <span class='ocrx_word' id='word_1_49' title='bbox 795 983 874 1027; x_wconf 92' lang='lat' dir='ltr'>usus</span> <span class='ocrx_word' id='word_1_50' title='bbox 888 961 1075 1027; x_wconf 84' lang='lat' dir='ltr'>traduntur:</span> <span class='ocrx_word' id='word_1_51' title='bbox 1091 960 1288 1048; x_wconf 76' lang='lat' dir='ltr'>sagittamm</span> 
     </span>
    </p>
   </div>
   <div class='ocr_carea' id='block_1_3' title="bbox 160 1059 1362 3162">
    <p class='ocr_par' dir='ltr' id='par_1_4' title="bbox 160 1059 1362 3162">
     <span class='ocr_line' id='line_1_8' title="bbox 160 1059 1288 1150; baseline -0.005 -20"><span class='ocrx_word' id='word_1_52' title='bbox 160 1083 286 1131; x_wconf 76' lang='lat' dir='ltr'>venena</span> <span class='ocrx_word' id='word_1_53' title='bbox 306 1075 339 1131; x_wconf 89' lang='lat' dir='ltr'>et</span> <span class='ocrx_word' id='word_1_54' title='bbox 367 1063 565 1150; x_wconf 80' lang='lat' dir='ltr'>serpentium</span> <span class='ocrx_word' id='word_1_55' title='bbox 590 1061 846 1129; x_wconf 85' lang='lat' dir='ltr'>haemorroidum</span> <span class='ocrx_word' id='word_1_56' title='bbox 874 1072 907 1128; x_wconf 91' lang='lat' dir='ltr'>et</span> <span class='ocrx_word' id='word_1_57' title='bbox 928 1071 1106 1147; x_wconf 85' lang='lat' dir='ltr'>presterum</span> <span class='ocrx_word' id='word_1_58' title='bbox 1125 1059 1288 1147; x_wconf 75' lang='lat' dir='ltr'>restingui</span> 
     </span>
     <span class='ocr_line' id='line_1_9' title="bbox 160 1159 1287 1251; baseline 0.002 -20"><span class='ocrx_word' id='word_1_59' title='bbox 160 1186 220 1250; x_wconf 83' lang='lat' dir='ltr'>pro</span> <span class='ocrx_word' id='word_1_60' title='bbox 244 1164 318 1231; x_wconf 85' lang='lat' dir='ltr'>cibo</span> <span class='ocrx_word' id='word_1_61' title='bbox 341 1175 468 1251; x_wconf 90' lang='lat' dir='ltr'>sumpta</span> <span class='ocrx_word' id='word_1_62' title='bbox 490 1175 523 1231; x_wconf 89' lang='lat' dir='ltr'>et</span> <span class='ocrx_word' id='word_1_63' title='bbox 543 1164 648 1250; x_wconf 80' lang='lat' dir='ltr'>plagis</span> <span class='ocrx_word' id='word_1_64' title='bbox 668 1163 809 1250; x_wconf 87' lang='lat' dir='ltr'>inposita</span> <span class='ocrx_word' id='word_1_65' title='bbox 829 1162 971 1241; x_wconf 80' lang='lat' dir='ltr'>extrahi,</span> <span class='ocrx_word' id='word_1_66' title='bbox 1004 1162 1082 1228; x_wconf 88' lang='lat' dir='ltr'>item</span> <span class='ocrx_word' id='word_1_67' title='bbox 1094 1159 1287 1247; x_wconf 64' lang='lat' dir='ltr'>hyoscyami</span> 
     </span>
     <span class='ocr_line' id='line_1_10' title="bbox 160 1261 1288 1350; baseline 0 -21"><span class='ocrx_word' id='word_1_68' title='bbox 160 1273 239 1350; x_wconf 85' lang='lat' dir='ltr'>pota</span> <span class='ocrx_word' id='word_1_69' title='bbox 260 1286 279 1330; x_wconf 89' lang='lat' dir='ltr'>e</span> <span class='ocrx_word' id='word_1_70' title='bbox 299 1285 396 1349; x_wconf 85' lang='lat' dir='ltr'>passo</span> <span class='ocrx_word' id='word_1_71' title='bbox 416 1286 572 1350; x_wconf 85' lang='lat' dir='ltr'>expresso</span> <span class='ocrx_word' id='word_1_72' title='bbox 593 1286 681 1330; x_wconf 87' lang='lat' dir='ltr'>suco.</span> <span class='ocrx_word' id='word_1_73' title='bbox 706 1261 791 1331; x_wconf 81' lang='lat' dir='ltr'>Cum</span> <span class='ocrx_word' id='word_1_74' title='bbox 812 1263 885 1349; x_wconf 89' lang='lat' dir='ltr'>ipsa</span> <span class='ocrx_word' id='word_1_75' title='bbox 906 1272 1058 1342; x_wconf 90' lang='lat' dir='ltr'>nonest,</span> <span class='ocrx_word' id='word_1_76' title='bbox 1081 1284 1195 1331; x_wconf 87' lang='lat' dir='ltr'>semen</span> <span class='ocrx_word' id='word_1_77' title='bbox 1216 1263 1288 1329; x_wconf 86' lang='lat' dir='ltr'>eius</span> 
     </span>
     <span class='ocr_line' id='line_1_11' title="bbox 161 1362 1287 1452; baseline -0.004 -19"><span class='ocrx_word' id='word_1_78' title='bbox 161 1365 258 1433; x_wconf 80' lang='lat' dir='ltr'>simili</span> <span class='ocrx_word' id='word_1_79' title='bbox 280 1365 398 1433; x_wconf 85' lang='lat' dir='ltr'>effectu</span> <span class='ocrx_word' id='word_1_80' title='bbox 418 1365 561 1452; x_wconf 90' lang='lat' dir='ltr'>prodest.</span> <span class='ocrx_word' id='word_1_81' title='bbox 582 1363 719 1432; x_wconf 86' lang='lat' dir='ltr'>Resistit</span> <span class='ocrx_word' id='word_1_82' title='bbox 740 1375 775 1431; x_wconf 88' lang='lat' dir='ltr'>et</span> <span class='ocrx_word' id='word_1_83' title='bbox 795 1386 952 1448; x_wconf 89' lang='lat' dir='ltr'>aquarum</span> <span class='ocrx_word' id='word_1_84' title='bbox 974 1364 1072 1444; x_wconf 89' lang='lat' dir='ltr'>vitiis,</span> <span class='ocrx_word' id='word_1_85' title='bbox 1092 1362 1212 1449; x_wconf 85' lang='lat' dir='ltr'>capitis</span> <span class='ocrx_word' id='word_1_86' title='bbox 1225 1362 1287 1429; x_wconf 90' lang='lat' dir='ltr'>do-</span> 
     </span>
     <span class='ocr_line' id='line_1_12' title="bbox 160 1464 1288 1551; baseline 0.002 -18"><span class='ocrx_word' id='word_1_87' title='bbox 160 1465 221 1533; x_wconf 90' lang='lat' dir='ltr'>lori</span> <span class='ocrx_word' id='word_1_88' title='bbox 240 1465 466 1550; x_wconf 77' lang='lat' dir='ltr'>ulceribusque</span> <span class='ocrx_word' id='word_1_89' title='bbox 480 1467 513 1531; x_wconf 89' lang='lat' dir='ltr'>in</span> <span class='ocrx_word' id='word_1_90' title='bbox 527 1466 603 1531; x_wconf 86' lang='lat' dir='ltr'>vino</span> <span class='ocrx_word' id='word_1_91' title='bbox 618 1477 714 1531; x_wconf 88' lang='lat' dir='ltr'>tunsa</span> <span class='ocrx_word' id='word_1_92' title='bbox 727 1475 761 1531; x_wconf 88' lang='lat' dir='ltr'>et</span> <span class='ocrx_word' id='word_1_93' title='bbox 773 1466 928 1551; x_wconf 86' lang='lat' dir='ltr'>inposita3</span> <span class='ocrx_word' id='word_1_94' title='bbox 943 1465 1065 1549; x_wconf 90' lang='lat' dir='ltr'>reliqua</span> <span class='ocrx_word' id='word_1_95' title='bbox 1078 1464 1187 1533; x_wconf 82' lang='lat' dir='ltr'>ulcera</span> <span class='ocrx_word' id='word_1_96' title='bbox 1208 1485 1288 1535; x_wconf 79' lang='lat' dir='ltr'>oon·</span> 
     </span>
     <span class='ocr_line' id='line_1_13' title="bbox 160 1563 1362 1656; baseline -0.005 -25"><span class='ocrx_word' id='word_1_97' title='bbox 160 1566 355 1641; x_wconf 84' lang='lat' dir='ltr'>manducata</span> <span class='ocrx_word' id='word_1_98' title='bbox 376 1588 451 1633; x_wconf 90' lang='lat' dir='ltr'>cum</span> <span class='ocrx_word' id='word_1_99' title='bbox 471 1567 564 1633; x_wconf 89' lang='lat' dir='ltr'>melle</span> <span class='ocrx_word' id='word_1_100' title='bbox 587 1576 689 1631; x_wconf 86' lang='lat' dir='ltr'>sanat.</span> <span class='ocrx_word' id='word_1_101' title='bbox 712 1563 771 1631; x_wconf 87' lang='lat' dir='ltr'>Sic</span> <span class='ocrx_word' id='word_1_102' title='bbox 792 1575 826 1631; x_wconf 89' lang='lat' dir='ltr'>et</span> <span class='ocrx_word' id='word_1_103' title='bbox 845 1565 1019 1633; x_wconf 83' lang='lat' dir='ltr'>infantium</span> <span class='ocrx_word' id='word_1_104' title='bbox 1035 1565 1169 1637; x_wconf 84' lang='lat' dir='ltr'>cerebro</span> <span class='ocrx_word' id='word_1_105' title='bbox 1189 1565 1286 1656; x_wconf 76' lang='lat' dir='ltr'>iupo-</span> <span class='ocrx_word' id='word_1_106' title='bbox 1300 1580 1362 1628; x_wconf 82' lang='lat' dir='ltr'>an·</span> 
     </span>
     <span class='ocr_line' id='line_1_14' title="bbox 160 1665 1288 1754; baseline 0.004 -21"><span class='ocrx_word' id='word_1_107' title='bbox 160 1667 253 1733; x_wconf 88' lang='lat' dir='ltr'>nitur</span> <span class='ocrx_word' id='word_1_108' title='bbox 263 1667 479 1753; x_wconf 74' lang='lat' dir='ltr'>umbilicoque</span> <span class='ocrx_word' id='word_1_109' title='bbox 492 1667 662 1754; x_wconf 90' lang='lat' dir='ltr'>prociduo,</span> <span class='ocrx_word' id='word_1_110' title='bbox 694 1666 729 1731; x_wconf 90' lang='lat' dir='ltr'>in</span> <span class='ocrx_word' id='word_1_111' title='bbox 751 1665 915 1752; x_wconf 78' lang='lat' dir='ltr'>epiphoris</span> <span class='ocrx_word' id='word_1_112' title='bbox 938 1688 1015 1734; x_wconf 86' lang='lat' dir='ltr'>varo</span> <span class='ocrx_word' id='word_1_113' title='bbox 1035 1666 1178 1735; x_wconf 87' lang='lat' dir='ltr'>omnium</span> <span class='ocrx_word' id='word_1_114' title='bbox 1186 1667 1288 1738; x_wconf 82' lang='lat' dir='ltr'>tronti</span> 
     </span>
     <span class='ocr_line' id='line_1_15' title="bbox 163 1758 1310 1860; baseline 0.003 -27"><span class='ocrx_word' id='word_1_115' title='bbox 163 1768 424 1854; x_wconf 83' lang='lat' dir='ltr'>temporibusque</span> <span class='ocrx_word' id='word_1_116' title='bbox 439 1790 512 1835; x_wconf 93' lang='lat' dir='ltr'>cum</span> <span class='ocrx_word' id='word_1_117' title='bbox 533 1768 676 1854; x_wconf 88' lang='lat' dir='ltr'>polenta,</span> <span class='ocrx_word' id='word_1_118' title='bbox 698 1767 756 1832; x_wconf 90' lang='lat' dir='ltr'>sed</span> <span class='ocrx_word' id='word_1_119' title='bbox 776 1767 857 1853; x_wconf 89' lang='lat' dir='ltr'>ipsis</span> <span class='ocrx_word' id='word_1_120' title='bbox 872 1763 974 1860; x_wconf 58' lang='lat' dir='ltr'>opidis</span> <span class='ocrx_word' id='word_1_121' title='bbox 996 1768 1111 1837; x_wconf 79' lang='lat' dir='ltr'>electe</span> <span class='ocrx_word' id='word_1_122' title='bbox 1125 1778 1159 1835; x_wconf 90' lang='lat' dir='ltr'>et</span> <span class='ocrx_word' id='word_1_123' title='bbox 1171 1768 1286 1845; x_wconf 74' lang='lat' dir='ltr'>melier</span> <span class='ocrx_word' id='word_1_124' title='bbox 1309 1758 1310 1763; x_wconf 8' lang='grc' dir='ltr'>ἵ</span> 
     </span>
     <span class='ocr_line' id='line_1_16' title="bbox 161 1868 1287 1956; baseline 0.001 -20"><span class='ocrx_word' id='word_1_125' title='bbox 161 1868 285 1949; x_wconf 84' lang='lat' dir='ltr'>eadem,</span> <span class='ocrx_word' id='word_1_126' title='bbox 314 1869 343 1935; x_wconf 84' lang='lat' dir='ltr'>si</span> <span class='ocrx_word' id='word_1_127' title='bbox 364 1869 533 1956; x_wconf 89' lang='lat' dir='ltr'>procidant</span> <span class='ocrx_word' id='word_1_128' title='bbox 554 1869 655 1947; x_wconf 91' lang='lat' dir='ltr'>oculi,</span> <span class='ocrx_word' id='word_1_129' title='bbox 681 1869 765 1935; x_wconf 87' lang='lat' dir='ltr'>ioliis</span> <span class='ocrx_word' id='word_1_130' title='bbox 787 1868 869 1934; x_wconf 88' lang='lat' dir='ltr'>tritis</span> <span class='ocrx_word' id='word_1_131' title='bbox 890 1892 965 1936; x_wconf 92' lang='lat' dir='ltr'>cum</span> <span class='ocrx_word' id='word_1_132' title='bbox 986 1869 1160 1937; x_wconf 79' lang='lat' dir='ltr'>corticibus</span> <span class='ocrx_word' id='word_1_133' title='bbox 1180 1869 1287 1947; x_wconf 71' lang='lat' dir='ltr'>fabae,</span> 
     </span>
     <span class='ocr_line' id='line_1_17' title="bbox 164 1970 1289 2059; baseline 0.005 -20"><span class='ocrx_word' id='word_1_134' title='bbox 164 1970 292 2059; x_wconf 83' lang='lat' dir='ltr'>pusulis</span> <span class='ocrx_word' id='word_1_135' title='bbox 314 1993 388 2037; x_wconf 90' lang='lat' dir='ltr'>eum</span> <span class='ocrx_word' id='word_1_136' title='bbox 402 1971 533 2058; x_wconf 79' lang='lat' dir='ltr'>polenta</span> <span class='ocrx_word' id='word_1_137' title='bbox 555 1983 588 2039; x_wconf 90' lang='lat' dir='ltr'>et</span> <span class='ocrx_word' id='word_1_138' title='bbox 609 1971 675 2036; x_wconf 88' lang='lat' dir='ltr'>sale</span> <span class='ocrx_word' id='word_1_139' title='bbox 696 1981 729 2037; x_wconf 88' lang='lat' dir='ltr'>et</span> <span class='ocrx_word' id='word_1_140' title='bbox 750 1981 852 2036; x_wconf 88' lang='lat' dir='ltr'>aceto.</span> <span class='ocrx_word' id='word_1_141' title='bbox 890 1970 1012 2037; x_wconf 86' lang='lat' dir='ltr'>Ulcera</span> <span class='ocrx_word' id='word_1_142' title='bbox 1031 1972 1097 2039; x_wconf 89' lang='lat' dir='ltr'>oris</span> <span class='ocrx_word' id='word_1_143' title='bbox 1111 1981 1289 2044; x_wconf 83' lang='lat' dir='ltr'>tumorem.-</span> 
     </span>
     <span class='ocr_line' id='line_1_18' title="bbox 163 2072 1289 2162; baseline -0.002 -21"><span class='ocrx_word' id='word_1_144' title='bbox 163 2095 228 2158; x_wconf 86' lang='lat' dir='ltr'>quc</span> <span class='ocrx_word' id='word_1_145' title='bbox 253 2073 460 2162; x_wconf 81' lang='lat' dir='ltr'>gingivarum</span> <span class='ocrx_word' id='word_1_146' title='bbox 486 2072 743 2140; x_wconf 76' lang='lat' dir='ltr'>conmanducata</span> <span class='ocrx_word' id='word_1_147' title='bbox 769 2073 868 2139; x_wconf 87' lang='lat' dir='ltr'>cruda</span> <span class='ocrx_word' id='word_1_148' title='bbox 895 2073 1003 2152; x_wconf 86' lang='lat' dir='ltr'>sedat,</span> <span class='ocrx_word' id='word_1_149' title='bbox 1036 2073 1114 2139; x_wconf 88' lang='lat' dir='ltr'>item</span> <span class='ocrx_word' id='word_1_150' title='bbox 1141 2072 1289 2143; x_wconf 82' lang='lat' dir='ltr'>dentium</span> 
     </span>
     <span class='ocr_line' id='line_1_19' title="bbox 163 2173 1348 2256; baseline 0 -15"><span class='ocrx_word' id='word_1_151' title='bbox 163 2175 306 2252; x_wconf 87' lang='lat' dir='ltr'>dolores,</span> <span class='ocrx_word' id='word_1_152' title='bbox 329 2174 527 2241; x_wconf 81' lang='lat' dir='ltr'>tonsillarum</span> <span class='ocrx_word' id='word_1_153' title='bbox 549 2173 658 2239; x_wconf 86' lang='lat' dir='ltr'>ulcera</span> <span class='ocrx_word' id='word_1_154' title='bbox 672 2195 769 2241; x_wconf 87' lang='lat' dir='ltr'>sucus</span> <span class='ocrx_word' id='word_1_155' title='bbox 790 2175 951 2240; x_wconf 86' lang='lat' dir='ltr'>decoctae.</span> <span class='ocrx_word' id='word_1_156' title='bbox 975 2173 1117 2256; x_wconf 79' lang='lat' dir='ltr'>Quidam</span> <span class='ocrx_word' id='word_1_157' title='bbox 1139 2173 1348 2241; x_wconf 68' lang='lat' dir='ltr'>ediscerem</span> 
     </span>
     <span class='ocr_line' id='line_1_20' title="bbox 161 2272 1288 2359; baseline 0.004 -21"><span class='ocrx_word' id='word_1_158' title='bbox 161 2274 293 2359; x_wconf 85' lang='lat' dir='ltr'>paulum</span> <span class='ocrx_word' id='word_1_159' title='bbox 315 2294 460 2349; x_wconf 83' lang='lat' dir='ltr'>mmrac3</span> <span class='ocrx_word' id='word_1_160' title='bbox 492 2294 568 2337; x_wconf 88' lang='lat' dir='ltr'>nam</span> <span class='ocrx_word' id='word_1_161' title='bbox 593 2272 720 2338; x_wconf 81' lang='lat' dir='ltr'>mobiba</span> <span class='ocrx_word' id='word_1_162' title='bbox 746 2274 851 2339; x_wconf 89' lang='lat' dir='ltr'>dentis</span> <span class='ocrx_word' id='word_1_163' title='bbox 879 2274 1000 2340; x_wconf 89' lang='lat' dir='ltr'>stabilit</span> <span class='ocrx_word' id='word_1_164' title='bbox 1022 2274 1288 2354; x_wconf 81' lang='lat' dir='ltr'>conmanducata,</span> 
     </span>
     <span class='ocr_line' id='line_1_21' title="bbox 162 2372 1288 2458; baseline 0.003 -19"><span class='ocrx_word' id='word_1_165' title='bbox 162 2372 263 2447; x_wconf 86' lang='lat' dir='ltr'>cruda</span> <span class='ocrx_word' id='word_1_166' title='bbox 284 2373 378 2439; x_wconf 90' lang='lat' dir='ltr'>sedat</span> <span class='ocrx_word' id='word_1_167' title='bbox 398 2394 574 2458; x_wconf 83' lang='lat' dir='ltr'>vocemque</span> <span class='ocrx_word' id='word_1_168' title='bbox 595 2373 703 2438; x_wconf 80' lang='lat' dir='ltr'>firmat</span> <span class='ocrx_word' id='word_1_169' title='bbox 723 2385 756 2439; x_wconf 91' lang='lat' dir='ltr'>et</span> <span class='ocrx_word' id='word_1_170' title='bbox 778 2374 867 2441; x_wconf 89' lang='lat' dir='ltr'>sitim</span> <span class='ocrx_word' id='word_1_171' title='bbox 887 2386 986 2443; x_wconf 87' lang='lat' dir='ltr'>arcet.</span> <span class='ocrx_word' id='word_1_172' title='bbox 1027 2373 1176 2447; x_wconf 84' lang='lat' dir='ltr'>Cervicis</span> <span class='ocrx_word' id='word_1_173' title='bbox 1197 2376 1288 2443; x_wconf 87' lang='lat' dir='ltr'>dolo-</span> 
     </span>
     <span class='ocr_line' id='line_1_22' title="bbox 161 2474 1288 2563; baseline 0.002 -22"><span class='ocrx_word' id='word_1_174' title='bbox 161 2496 215 2541; x_wconf 86' lang='lat' dir='ltr'>res</span> <span class='ocrx_word' id='word_1_175' title='bbox 243 2495 317 2540; x_wconf 90' lang='lat' dir='ltr'>cum</span> <span class='ocrx_word' id='word_1_176' title='bbox 338 2475 422 2563; x_wconf 86' lang='lat' dir='ltr'>galla</span> <span class='ocrx_word' id='word_1_177' title='bbox 442 2484 475 2541; x_wconf 90' lang='lat' dir='ltr'>et</span> <span class='ocrx_word' id='word_1_178' title='bbox 495 2474 553 2540; x_wconf 89' lang='lat' dir='ltr'>lini</span> <span class='ocrx_word' id='word_1_179' title='bbox 580 2475 700 2540; x_wconf 86' lang='lat' dir='ltr'>semina</span> <span class='ocrx_word' id='word_1_180' title='bbox 732 2486 765 2541; x_wconf 88' lang='lat' dir='ltr'>et</span> <span class='ocrx_word' id='word_1_181' title='bbox 793 2476 887 2541; x_wconf 89' lang='lat' dir='ltr'>mello</span> <span class='ocrx_word' id='word_1_182' title='bbox 913 2476 984 2562; x_wconf 88' lang='lat' dir='ltr'>pari</span> <span class='ocrx_word' id='word_1_183' title='bbox 1012 2498 1163 2543; x_wconf 85' lang='lat' dir='ltr'>mensura</span> <span class='ocrx_word' id='word_1_184' title='bbox 1184 2477 1288 2556; x_wconf 69' lang='lat' dir='ltr'>eadm,</span> 
     </span>
     <span class='ocr_line' id='line_1_23' title="bbox 161 2574 1291 2657; baseline 0.003 -16"><span class='ocrx_word' id='word_1_185' title='bbox 161 2597 371 2641; x_wconf 88' lang='lat' dir='ltr'>mammarum</span> <span class='ocrx_word' id='word_1_186' title='bbox 393 2575 472 2643; x_wconf 88' lang='lat' dir='ltr'>vitia</span> <span class='ocrx_word' id='word_1_187' title='bbox 492 2597 565 2642; x_wconf 89' lang='lat' dir='ltr'>eum</span> <span class='ocrx_word' id='word_1_188' title='bbox 586 2575 680 2642; x_wconf 89' lang='lat' dir='ltr'>melle</span> <span class='ocrx_word' id='word_1_189' title='bbox 701 2588 756 2641; x_wconf 90' lang='lat' dir='ltr'>aut</span> <span class='ocrx_word' id='word_1_190' title='bbox 783 2574 920 2643; x_wconf 87' lang='lat' dir='ltr'>Cimolia</span> <span class='ocrx_word' id='word_1_191' title='bbox 941 2588 1046 2657; x_wconf 89' lang='lat' dir='ltr'>creta,</span> <span class='ocrx_word' id='word_1_192' title='bbox 1079 2578 1229 2644; x_wconf 85' lang='lat' dir='ltr'>salutaris</span> <span class='ocrx_word' id='word_1_193' title='bbox 1255 2588 1291 2644; x_wconf 90' lang='lat' dir='ltr'>et</span> 
     </span>
     <span class='ocr_line' id='line_1_24' title="bbox 162 2676 1290 2764; baseline 0.003 -22"><span class='ocrx_word' id='word_1_194' title='bbox 162 2678 348 2764; x_wconf 88' lang='lat' dir='ltr'>suspiriosis</span> <span class='ocrx_word' id='word_1_195' title='bbox 370 2677 491 2743; x_wconf 88' lang='lat' dir='ltr'>semine</span> <span class='ocrx_word' id='word_1_196' title='bbox 514 2700 587 2743; x_wconf 90' lang='lat' dir='ltr'>cum</span> <span class='ocrx_word' id='word_1_197' title='bbox 613 2677 705 2742; x_wconf 90' lang='lat' dir='ltr'>melle</span> <span class='ocrx_word' id='word_1_198' title='bbox 726 2676 859 2755; x_wconf 81' lang='lat' dir='ltr'>haust03</span> <span class='ocrx_word' id='word_1_199' title='bbox 891 2678 1091 2744; x_wconf 88' lang='lat' dir='ltr'>stomachum</span> <span class='ocrx_word' id='word_1_200' title='bbox 1117 2679 1152 2743; x_wconf 91' lang='lat' dir='ltr'>in</span> <span class='ocrx_word' id='word_1_201' title='bbox 1177 2689 1290 2745; x_wconf 82' lang='lat' dir='ltr'>aeota·</span> 
     </span>
     <span class='ocr_line' id='line_1_25' title="bbox 163 2777 1353 2866; baseline 0.004 -24"><span class='ocrx_word' id='word_1_202' title='bbox 163 2779 221 2843; x_wconf 88' lang='lat' dir='ltr'>riis</span> <span class='ocrx_word' id='word_1_203' title='bbox 243 2788 371 2864; x_wconf 83' lang='lat' dir='ltr'>sumpta</span> <span class='ocrx_word' id='word_1_204' title='bbox 393 2777 590 2844; x_wconf 88' lang='lat' dir='ltr'>conroborat.</span> <span class='ocrx_word' id='word_1_205' title='bbox 617 2777 758 2843; x_wconf 89' lang='lat' dir='ltr'>Ardenti</span> <span class='ocrx_word' id='word_1_206' title='bbox 779 2778 924 2844; x_wconf 86' lang='lat' dir='ltr'>febribus</span> <span class='ocrx_word' id='word_1_207' title='bbox 945 2779 1112 2866; x_wconf 89' lang='lat' dir='ltr'>inponitur</span> <span class='ocrx_word' id='word_1_208' title='bbox 1131 2802 1205 2845; x_wconf 93' lang='lat' dir='ltr'>cum</span> <span class='ocrx_word' id='word_1_209' title='bbox 1228 2791 1353 2866; x_wconf 72' lang='lat' dir='ltr'>po-218</span> 
     </span>
     <span class='ocr_line' id='line_1_26' title="bbox 165 2878 1289 2966; baseline 0.002 -22"><span class='ocrx_word' id='word_1_210' title='bbox 165 2879 261 2955; x_wconf 88' lang='lat' dir='ltr'>lenta,</span> <span class='ocrx_word' id='word_1_211' title='bbox 285 2888 317 2942; x_wconf 88' lang='lat' dir='ltr'>et</span> <span class='ocrx_word' id='word_1_212' title='bbox 339 2878 418 2944; x_wconf 86' lang='lat' dir='ltr'>alias</span> <span class='ocrx_word' id='word_1_213' title='bbox 439 2879 633 2944; x_wconf 87' lang='lat' dir='ltr'>manducata</span> <span class='ocrx_word' id='word_1_214' title='bbox 653 2879 823 2966; x_wconf 80' lang='lat' dir='ltr'>refrigerat</span> <span class='ocrx_word' id='word_1_215' title='bbox 844 2880 943 2945; x_wconf 88' lang='lat' dir='ltr'>etiam</span> <span class='ocrx_word' id='word_1_216' title='bbox 963 2881 1123 2947; x_wconf 83' lang='lat' dir='ltr'>intestina</span> <span class='ocrx_word' id='word_1_217' title='bbox 1168 2880 1289 2946; x_wconf 91' lang='lat' dir='ltr'>Vomi-</span> 
     </span>
     <span class='ocr_line' id='line_1_27' title="bbox 167 2979 1292 3066; baseline 0.004 -22"><span class='ocrx_word' id='word_1_218' title='bbox 167 2980 272 3046; x_wconf 89' lang='lat' dir='ltr'>tioncs</span> <span class='ocrx_word' id='word_1_219' title='bbox 294 2980 394 3057; x_wconf 90' lang='lat' dir='ltr'>sistit;</span> <span class='ocrx_word' id='word_1_220' title='bbox 418 2980 615 3066; x_wconf 87' lang='lat' dir='ltr'>dysinteriae</span> <span class='ocrx_word' id='word_1_221' title='bbox 630 2991 662 3044; x_wconf 88' lang='lat' dir='ltr'>et</span> <span class='ocrx_word' id='word_1_222' title='bbox 676 2979 810 3046; x_wconf 86' lang='lat' dir='ltr'>vomicis</span> <span class='ocrx_word' id='word_1_223' title='bbox 826 2991 914 3046; x_wconf 89' lang='lat' dir='ltr'>estur</span> <span class='ocrx_word' id='word_1_224' title='bbox 936 3004 977 3047; x_wconf 88' lang='lat' dir='ltr'>ex</span> <span class='ocrx_word' id='word_1_225' title='bbox 991 2994 1081 3049; x_wconf 85' lang='lat' dir='ltr'>aceto</span> <span class='ocrx_word' id='word_1_226' title='bbox 1099 2983 1150 3048; x_wconf 87' lang='lat' dir='ltr'>vel</span> <span class='ocrx_word' id='word_1_227' title='bbox 1163 2981 1292 3048; x_wconf 89' lang='lat' dir='ltr'>bibitur</span> 
     </span>
     <span class='ocr_line' id='line_1_28' title="bbox 163 3080 1292 3162; baseline 0.004 -16"><span class='ocrx_word' id='word_1_228' title='bbox 163 3101 237 3147; x_wconf 90' lang='lat' dir='ltr'>eum</span> <span class='ocrx_word' id='word_1_229' title='bbox 264 3081 408 3162; x_wconf 90' lang='lat' dir='ltr'>cumino,</span> <span class='ocrx_word' id='word_1_230' title='bbox 438 3080 591 3147; x_wconf 89' lang='lat' dir='ltr'>tenesmis</span> <span class='ocrx_word' id='word_1_231' title='bbox 620 3090 728 3145; x_wconf 90' lang='lat' dir='ltr'>antem</span> <span class='ocrx_word' id='word_1_232' title='bbox 750 3090 852 3160; x_wconf 84' lang='lat' dir='ltr'>cocta3</span> <span class='ocrx_word' id='word_1_233' title='bbox 890 3083 1104 3150; x_wconf 87' lang='lat' dir='ltr'>comitialibus</span> <span class='ocrx_word' id='word_1_234' title='bbox 1136 3083 1209 3149; x_wconf 88' lang='lat' dir='ltr'>cibo</span> <span class='ocrx_word' id='word_1_235' title='bbox 1239 3085 1292 3151; x_wconf 88' lang='lat' dir='ltr'>vel</span> 
     </span>
    </p>
   </div>
   <div class='ocr_carea' id='block_1_4' title="bbox 86 3251 1293 4333">
    <p class='ocr_par' dir='ltr' id='par_1_5' title="bbox 198 3251 555 3314">
     <span class='ocr_line' id='line_1_29' title="bbox 198 3251 555 3314; baseline 0.008 -13"><span class='ocrx_word' id='word_1_236' title='bbox 198 3251 297 3314; x_wconf 79' lang='lat' dir='ltr'>oculum,</span> <span class='ocrx_word' id='word_1_237' title='bbox 309 3255 365 3304; x_wconf 80' lang='lat' dir='ltr'>vd.</span> <span class='ocrx_word' id='word_1_238' title='bbox 385 3293 416 3302; x_wconf 87' lang='lat'><em>-</em></span> <span class='ocrx_word' id='word_1_239' title='bbox 434 3254 509 3314; x_wconf 78' lang='lat' dir='ltr'>restit,</span> <span class='ocrx_word' id='word_1_240' title='bbox 521 3257 555 3306; x_wconf 88' lang='lat' dir='ltr'>V.</span> 
     </span>
    </p>

    <p class='ocr_par' dir='ltr' id='par_1_6' title="bbox 86 3317 1293 3655">
     <span class='ocr_line' id='line_1_30' title="bbox 197 3317 1292 3386; baseline 0.005 -16"><span class='ocrx_word' id='word_1_241' title='bbox 197 3321 284 3384; x_wconf 62' lang='lat'>5210.</span> <span class='ocrx_word' id='word_1_242' title='bbox 304 3317 446 3382; x_wconf 76' lang='lat' dir='ltr'>pomiliaco,</span> <span class='ocrx_word' id='word_1_243' title='bbox 464 3323 537 3371; x_wconf 89' lang='lat' dir='ltr'>Tad.</span> <span class='ocrx_word' id='word_1_244' title='bbox 558 3321 699 3382; x_wconf 86' lang='lat' dir='ltr'>procillaea,</span> <span class='ocrx_word' id='word_1_245' title='bbox 708 3323 741 3372; x_wconf 91' lang='lat' dir='ltr'>V.</span> <span class='ocrx_word' id='word_1_246' title='bbox 761 3322 896 3386; x_wconf 79' lang='lat' dir='ltr'>portulaca,</span> <span class='ocrx_word' id='word_1_247' title='bbox 909 3324 1013 3374; x_wconf 86' lang='lat' dir='ltr'>Barbar.</span> <span class='ocrx_word' id='word_1_248' title='bbox 1024 3318 1055 3385; x_wconf 78' lang='grc' dir='ltr'>β</span> <span class='ocrx_word' id='word_1_249' title='bbox 1073 3325 1107 3373; x_wconf 90' lang='lat' dir='ltr'>V.</span> <span class='ocrx_word' id='word_1_250' title='bbox 1119 3325 1152 3374; x_wconf 85' lang='lat' dir='ltr'>od</span> <span class='ocrx_word' id='word_1_251' title='bbox 1164 3329 1207 3385; x_wconf 82' lang='lat'>13,</span> <span class='ocrx_word' id='word_1_252' title='bbox 1223 3329 1292 3386; x_wconf 68' lang='lat'>120„</span> 
     </span>
     <span class='ocr_line' id='line_1_31' title="bbox 164 3385 1292 3455; baseline 0.004 -19"><span class='ocrx_word' id='word_1_253' title='bbox 164 3388 196 3437; x_wconf 90' lang='lat' dir='ltr'>de</span> <span class='ocrx_word' id='word_1_254' title='bbox 207 3387 264 3450; x_wconf 87' lang='lat' dir='ltr'>ipsa</span> <span class='ocrx_word' id='word_1_255' title='bbox 274 3385 363 3449; x_wconf 88' lang='lat' dir='ltr'>planta</span> <span class='ocrx_word' id='word_1_256' title='bbox 373 3387 492 3437; x_wconf 83' lang='lat' dir='ltr'>Dioscor.</span> <span class='ocrx_word' id='word_1_257' title='bbox 504 3391 528 3446; x_wconf 79' lang='lat'>2,</span> <span class='ocrx_word' id='word_1_258' title='bbox 544 3392 600 3436; x_wconf 87' lang='lat'>150.</span> <span class='ocrx_word' id='word_1_259' title='bbox 619 3426 650 3435; x_wconf 89' lang='lat'>..</span> <span class='ocrx_word' id='word_1_260' title='bbox 670 3387 760 3449; x_wconf 68' lang='lat' dir='ltr'>peplin,</span> <span class='ocrx_word' id='word_1_261' title='bbox 771 3391 803 3439; x_wconf 89' lang='grc' dir='ltr'>Τ.</span> <span class='ocrx_word' id='word_1_262' title='bbox 822 3389 929 3454; x_wconf 76' lang='lat' dir='ltr'>popliir,</span> <span class='ocrx_word' id='word_1_263' title='bbox 940 3393 985 3442; x_wconf 88' lang='lat' dir='ltr'>ad.</span> <span class='ocrx_word' id='word_1_264' title='bbox 1004 3389 1114 3454; x_wconf 72' lang='lat' dir='ltr'>peplilir,</span> <span class='ocrx_word' id='word_1_265' title='bbox 1125 3392 1160 3442; x_wconf 91' lang='lat' dir='ltr'>V.</span> <span class='ocrx_word' id='word_1_266' title='bbox 1183 3389 1292 3455; x_wconf 76' lang='lat' dir='ltr'>peplicn,</span> 
     </span>
     <span class='ocr_line' id='line_1_32' title="bbox 86 3448 1293 3531; baseline 0.008 -32"><span class='ocrx_word' id='word_1_267' title='bbox 86 3495 94 3507; x_wconf 83' lang='grc'>,</span> <span class='ocrx_word' id='word_1_268' title='bbox 163 3448 195 3517; x_wconf 75' lang='grc' dir='ltr'><em>β</em></span> <span class='ocrx_word' id='word_1_269' title='bbox 214 3492 244 3503; x_wconf 90' lang='grc'>..</span> <span class='ocrx_word' id='word_1_270' title='bbox 263 3468 316 3514; x_wconf 84' lang='lat' dir='ltr'>noo,</span> <span class='ocrx_word' id='word_1_271' title='bbox 329 3467 380 3502; x_wconf 88' lang='lat' dir='ltr'>om.</span> <span class='ocrx_word' id='word_1_272' title='bbox 392 3454 426 3503; x_wconf 91' lang='grc' dir='ltr'>Κ.</span> <span class='ocrx_word' id='word_1_273' title='bbox 444 3493 476 3502; x_wconf 86' lang='grc'>..</span> <span class='ocrx_word' id='word_1_274' title='bbox 500 3460 524 3500; x_wconf 84' lang='lat' dir='ltr'>et</span> <span class='ocrx_word' id='word_1_275' title='bbox 530 3460 670 3515; x_wconf 76' lang='lat' dir='ltr'>presterum,</span> <span class='ocrx_word' id='word_1_276' title='bbox 682 3456 785 3504; x_wconf 91' lang='lat' dir='ltr'>Barbar.</span> <span class='ocrx_word' id='word_1_277' title='bbox 808 3464 832 3504; x_wconf 84' lang='lat' dir='ltr'>ct</span> <span class='ocrx_word' id='word_1_278' title='bbox 838 3457 981 3522; x_wconf 63' lang='lat' dir='ltr'>preazbram,</span> <span class='ocrx_word' id='word_1_279' title='bbox 993 3460 1076 3511; x_wconf 83' lang='lat' dir='ltr'>VTd.</span> <span class='ocrx_word' id='word_1_280' title='bbox 1098 3466 1122 3507; x_wconf 83' lang='lat' dir='ltr'>ct</span> <span class='ocrx_word' id='word_1_281' title='bbox 1129 3458 1293 3531; x_wconf 47' lang='lat' dir='ltr'>praticorum</span> 
     </span>
     <span class='ocr_line' id='line_1_33' title="bbox 165 3518 1292 3590; baseline 0.004 -17"><span class='ocrx_word' id='word_1_282' title='bbox 165 3538 189 3573; x_wconf 82' lang='grc' dir='ltr'>ι.</span> <span class='ocrx_word' id='word_1_283' title='bbox 210 3519 246 3571; x_wconf 82' lang='lat' dir='ltr'>ait</span> <span class='ocrx_word' id='word_1_284' title='bbox 261 3518 395 3582; x_wconf 74' lang='lat' dir='ltr'>Patricius,</span> <span class='ocrx_word' id='word_1_285' title='bbox 410 3521 477 3572; x_wconf 86' lang='lat' dir='ltr'>Pint.</span> <span class='ocrx_word' id='word_1_286' title='bbox 495 3559 525 3569; x_wconf 79' lang='grc'><strong>-</strong></span> <span class='ocrx_word' id='word_1_287' title='bbox 544 3519 663 3585; x_wconf 77' lang='lat' dir='ltr'>restrinpi,</span> <span class='ocrx_word' id='word_1_288' title='bbox 679 3521 740 3572; x_wconf 89' lang='grc' dir='ltr'>ΤΚ.</span> <span class='ocrx_word' id='word_1_289' title='bbox 759 3563 789 3571; x_wconf 91' lang='grc'>..</span> <span class='ocrx_word' id='word_1_290' title='bbox 808 3524 895 3587; x_wconf 64' lang='lat' dir='ltr'>oraui,</span> <span class='ocrx_word' id='word_1_291' title='bbox 912 3527 945 3576; x_wconf 92' lang='lat' dir='ltr'>V.</span> <span class='ocrx_word' id='word_1_292' title='bbox 964 3567 995 3576; x_wconf 89' lang='lat'>..</span> <span class='ocrx_word' id='word_1_293' title='bbox 1010 3533 1077 3589; x_wconf 80' lang='lat' dir='ltr'>pota,</span> <span class='ocrx_word' id='word_1_294' title='bbox 1093 3528 1138 3576; x_wconf 89' lang='lat' dir='ltr'>ad.</span> <span class='ocrx_word' id='word_1_295' title='bbox 1158 3534 1242 3590; x_wconf 80' lang='lat' dir='ltr'>potae,</span> <span class='ocrx_word' id='word_1_296' title='bbox 1259 3527 1292 3578; x_wconf 84' lang='lat' dir='ltr'>T.</span> 
     </span>
     <span class='ocr_line' id='line_1_34' title="bbox 164 3587 1201 3655; baseline -0.004 -16"><span class='ocrx_word' id='word_1_297' title='bbox 164 3597 226 3653; x_wconf 83' lang='lat' dir='ltr'>pote,</span> <span class='ocrx_word' id='word_1_298' title='bbox 238 3589 271 3639; x_wconf 92' lang='lat' dir='ltr'>V.</span> <span class='ocrx_word' id='word_1_299' title='bbox 291 3629 322 3638; x_wconf 86' lang='lat'><em>-</em></span> <span class='ocrx_word' id='word_1_300' title='bbox 343 3587 436 3647; x_wconf 83' lang='lat' dir='ltr'>semine,</span> <span class='ocrx_word' id='word_1_301' title='bbox 448 3589 523 3638; x_wconf 86' lang='lat' dir='ltr'>Vad.</span> <span class='ocrx_word' id='word_1_302' title='bbox 1195 3644 1201 3655; x_wconf 24' lang='grc' dir='ltr'><strong>ἢ</strong></span> 
     </span>
    </p>

    <p class='ocr_par' dir='ltr' id='par_1_7' title="bbox 162 3654 1293 3925">
     <span class='ocr_line' id='line_1_35' title="bbox 200 3654 1293 3722; baseline 0.003 -14"><span class='ocrx_word' id='word_1_303' title='bbox 200 3656 285 3718; x_wconf 64' lang='lat'>5211.</span> <span class='ocrx_word' id='word_1_304' title='bbox 301 3654 423 3719; x_wconf 80' lang='lat' dir='ltr'>procidua,</span> <span class='ocrx_word' id='word_1_305' title='bbox 436 3656 491 3708; x_wconf 85' lang='lat' dir='ltr'>vd.</span> <span class='ocrx_word' id='word_1_306' title='bbox 508 3654 671 3718; x_wconf 79' lang='lat' dir='ltr'>proculdubio</span> <span class='ocrx_word' id='word_1_307' title='bbox 682 3656 733 3706; x_wconf 86' lang='lat' dir='ltr'>cibo</span> <span class='ocrx_word' id='word_1_308' title='bbox 745 3655 800 3718; x_wconf 84' lang='lat' dir='ltr'>duo,</span> <span class='ocrx_word' id='word_1_309' title='bbox 812 3675 834 3709; x_wconf 88' lang='lat' dir='ltr'>a.</span> <span class='ocrx_word' id='word_1_310' title='bbox 848 3699 879 3709; x_wconf 87' lang='lat'><em>-</em></span> <span class='ocrx_word' id='word_1_311' title='bbox 889 3660 979 3722; x_wconf 83' lang='lat' dir='ltr'>fronti,</span> <span class='ocrx_word' id='word_1_312' title='bbox 992 3661 1096 3711; x_wconf 83' lang='lat' dir='ltr'>VTad.</span> <span class='ocrx_word' id='word_1_313' title='bbox 1106 3660 1201 3722; x_wconf 82' lang='lat' dir='ltr'>fronte,</span> <span class='ocrx_word' id='word_1_314' title='bbox 1210 3656 1245 3722; x_wconf 79' lang='grc' dir='ltr'>β.</span> <span class='ocrx_word' id='word_1_315' title='bbox 1260 3702 1293 3711; x_wconf 85' lang='grc'><strong>-</strong></span> 
     </span>
     <span class='ocr_line' id='line_1_36' title="bbox 162 3720 1292 3791; baseline 0.004 -18"><span class='ocrx_word' id='word_1_316' title='bbox 162 3722 270 3788; x_wconf 78' lang='lat' dir='ltr'>paleato,</span> <span class='ocrx_word' id='word_1_317' title='bbox 282 3723 308 3771; x_wconf 93' lang='lat' dir='ltr'>V</span> <span class='ocrx_word' id='word_1_318' title='bbox 319 3733 348 3773; x_wconf 92' lang='lat' dir='ltr'>ut</span> <span class='ocrx_word' id='word_1_319' title='bbox 359 3738 441 3788; x_wconf 86' lang='lat' dir='ltr'>saepe.</span> <span class='ocrx_word' id='word_1_320' title='bbox 461 3764 492 3773; x_wconf 87' lang='lat'>..</span> <span class='ocrx_word' id='word_1_321' title='bbox 508 3722 643 3786; x_wconf 81' lang='lat' dir='ltr'>procidant,</span> <span class='ocrx_word' id='word_1_322' title='bbox 656 3727 727 3774; x_wconf 88' lang='lat' dir='ltr'>codd.</span> <span class='ocrx_word' id='word_1_323' title='bbox 740 3726 820 3776; x_wconf 86' lang='lat' dir='ltr'>Hard.</span> <span class='ocrx_word' id='word_1_324' title='bbox 835 3725 974 3790; x_wconf 81' lang='lat' dir='ltr'>procedant,</span> <span class='ocrx_word' id='word_1_325' title='bbox 989 3720 1099 3780; x_wconf 74' lang='lat' dir='ltr'>OTVd.</span> <span class='ocrx_word' id='word_1_326' title='bbox 1115 3725 1256 3791; x_wconf 76' lang='lat' dir='ltr'>procedam,</span> <span class='ocrx_word' id='word_1_327' title='bbox 1268 3746 1292 3781; x_wconf 84' lang='lat' dir='ltr'>a.</span> 
     </span>
     <span class='ocr_line' id='line_1_37' title="bbox 162 3786 1292 3861; baseline 0.006 -20"><span class='ocrx_word' id='word_1_328' title='bbox 162 3788 296 3856; x_wconf 79' lang='lat' dir='ltr'>procidant,</span> <span class='ocrx_word' id='word_1_329' title='bbox 307 3786 336 3853; x_wconf 81' lang='grc' dir='ltr'>β.</span> <span class='ocrx_word' id='word_1_330' title='bbox 357 3831 388 3840; x_wconf 83' lang='grc'>..</span> <span class='ocrx_word' id='word_1_331' title='bbox 406 3789 475 3854; x_wconf 81' lang='lat' dir='ltr'>oculi,</span> <span class='ocrx_word' id='word_1_332' title='bbox 488 3791 519 3841; x_wconf 87' lang='grc' dir='ltr'>Τ.</span> <span class='ocrx_word' id='word_1_333' title='bbox 542 3789 624 3851; x_wconf 80' lang='lat' dir='ltr'>oculis,</span> <span class='ocrx_word' id='word_1_334' title='bbox 637 3793 713 3842; x_wconf 86' lang='lat' dir='ltr'>Vad.</span> <span class='ocrx_word' id='word_1_335' title='bbox 730 3791 836 3856; x_wconf 81' lang='lat' dir='ltr'>prodeat,</span> <span class='ocrx_word' id='word_1_336' title='bbox 847 3789 877 3855; x_wconf 79' lang='grc' dir='ltr'>β.</span> <span class='ocrx_word' id='word_1_337' title='bbox 895 3835 926 3844; x_wconf 88' lang='grc'>-</span> <span class='ocrx_word' id='word_1_338' title='bbox 947 3794 1059 3858; x_wconf 81' lang='lat' dir='ltr'>pasallir,</span> <span class='ocrx_word' id='word_1_339' title='bbox 1071 3794 1105 3845; x_wconf 84' lang='lat' dir='ltr'>V.</span> <span class='ocrx_word' id='word_1_340' title='bbox 1126 3794 1232 3861; x_wconf 71' lang='lat' dir='ltr'>pusillis,</span> <span class='ocrx_word' id='word_1_341' title='bbox 1245 3799 1292 3849; x_wconf 79' lang='lat' dir='ltr'>sd.</span> 
     </span>
     <span class='ocr_line' id='line_1_38' title="bbox 167 3856 1027 3925; baseline 0.005 -16"><span class='ocrx_word' id='word_1_342' title='bbox 167 3897 199 3909; x_wconf 92' lang='lat'>..</span> <span class='ocrx_word' id='word_1_343' title='bbox 222 3856 317 3920; x_wconf 85' lang='lat' dir='ltr'>Ulcera,</span> <span class='ocrx_word' id='word_1_344' title='bbox 329 3860 353 3909; x_wconf 85' lang='lat' dir='ltr'>d.</span> <span class='ocrx_word' id='word_1_345' title='bbox 371 3866 398 3906; x_wconf 84' lang='lat' dir='ltr'>ut</span> <span class='ocrx_word' id='word_1_346' title='bbox 408 3857 496 3920; x_wconf 83' lang='lat' dir='ltr'>ulcera,</span> <span class='ocrx_word' id='word_1_347' title='bbox 507 3875 531 3909; x_wconf 89' lang='lat' dir='ltr'>a.</span> <span class='ocrx_word' id='word_1_348' title='bbox 549 3866 575 3906; x_wconf 83' lang='lat' dir='ltr'>at</span> <span class='ocrx_word' id='word_1_349' title='bbox 586 3874 648 3920; x_wconf 88' lang='lat' dir='ltr'>cera,</span> <span class='ocrx_word' id='word_1_350' title='bbox 660 3861 694 3909; x_wconf 90' lang='lat' dir='ltr'>V.</span> <span class='ocrx_word' id='word_1_351' title='bbox 714 3899 745 3909; x_wconf 78' lang='grc'><strong>-</strong></span> <span class='ocrx_word' id='word_1_352' title='bbox 763 3860 860 3909; x_wconf 73' lang='lat' dir='ltr'>orietani</span> <span class='ocrx_word' id='word_1_353' title='bbox 873 3877 982 3925; x_wconf 77' lang='lat' dir='ltr'>meaque,</span> <span class='ocrx_word' id='word_1_354' title='bbox 993 3863 1027 3914; x_wconf 92' lang='lat' dir='ltr'>V.</span> 
     </span>
    </p>

    <p class='ocr_par' dir='ltr' id='par_1_8' title="bbox 166 3920 1293 4195">
     <span class='ocr_line' id='line_1_39' title="bbox 200 3920 1293 3994; baseline 0.003 -18"><span class='ocrx_word' id='word_1_355' title='bbox 200 3928 289 3990; x_wconf 69' lang='lat'>§2¹2-</span> <span class='ocrx_word' id='word_1_356' title='bbox 307 3924 431 3990; x_wconf 70' lang='lat' dir='ltr'>myrrhini,</span> <span class='ocrx_word' id='word_1_357' title='bbox 442 3929 510 3978; x_wconf 86' lang='lat' dir='ltr'>Pint.</span> <span class='ocrx_word' id='word_1_358' title='bbox 529 3968 559 3976; x_wconf 90' lang='lat'>-</span> <span class='ocrx_word' id='word_1_359' title='bbox 578 3925 680 3989; x_wconf 80' lang='lat' dir='ltr'>mobiles,</span> <span class='ocrx_word' id='word_1_360' title='bbox 696 3920 840 3978; x_wconf 75' lang='lat' dir='ltr'>OVTadr.</span> <span class='ocrx_word' id='word_1_361' title='bbox 867 3927 1065 3994; x_wconf 71' lang='lat' dir='ltr'>etmobiler,ssr.</span> <span class='ocrx_word' id='word_1_362' title='bbox 1084 3971 1115 3980; x_wconf 87' lang='lat'><em>-</em></span> <span class='ocrx_word' id='word_1_363' title='bbox 1139 3927 1293 3980; x_wconf 75' lang='lat' dir='ltr'>marmanda·</span> 
     </span>
     <span class='ocr_line' id='line_1_40' title="bbox 166 3987 1292 4064; baseline 0.004 -21"><span class='ocrx_word' id='word_1_364' title='bbox 166 4000 231 4053; x_wconf 84' lang='lat' dir='ltr'>cata,</span> <span class='ocrx_word' id='word_1_365' title='bbox 242 3995 296 4047; x_wconf 83' lang='lat' dir='ltr'>Va.</span> <span class='ocrx_word' id='word_1_366' title='bbox 322 3990 473 4056; x_wconf 78' lang='lat' dir='ltr'>manducata,</span> <span class='ocrx_word' id='word_1_367' title='bbox 489 3987 566 4046; x_wconf 73' lang='lat' dir='ltr'>OTd</span> <span class='ocrx_word' id='word_1_368' title='bbox 586 4035 617 4045; x_wconf 92' lang='lat'>..</span> <span class='ocrx_word' id='word_1_369' title='bbox 641 3993 724 4056; x_wconf 79' lang='lat' dir='ltr'>creda,</span> <span class='ocrx_word' id='word_1_370' title='bbox 740 3990 870 4046; x_wconf 75' lang='lat' dir='ltr'>OVTad.</span> <span class='ocrx_word' id='word_1_371' title='bbox 897 3995 1034 4059; x_wconf 75' lang='lat' dir='ltr'>cruditates,</span> <span class='ocrx_word' id='word_1_372' title='bbox 1049 3993 1101 4064; x_wconf 73' lang='grc' dir='ltr'>βγ.</span> <span class='ocrx_word' id='word_1_373' title='bbox 1119 4037 1151 4047; x_wconf 87' lang='grc'>..</span> <span class='ocrx_word' id='word_1_374' title='bbox 1175 3995 1292 4060; x_wconf 66' lang='lat' dir='ltr'>ermello,</span> 
     </span>
     <span class='ocr_line' id='line_1_41' title="bbox 169 4050 1292 4128; baseline 0.003 -17"><span class='ocrx_word' id='word_1_375' title='bbox 169 4050 299 4113; x_wconf 74' lang='lat' dir='ltr'>dvraa.</span> <span class='ocrx_word' id='word_1_376' title='bbox 317 4061 375 4114; x_wconf 90' lang='lat' dir='ltr'>Om.</span> <span class='ocrx_word' id='word_1_377' title='bbox 391 4057 420 4123; x_wconf 74' lang='grc' dir='ltr'>β.</span> <span class='ocrx_word' id='word_1_378' title='bbox 439 4103 469 4112; x_wconf 92' lang='grc'>..</span> <span class='ocrx_word' id='word_1_379' title='bbox 497 4070 540 4112; x_wconf 75' lang='lat' dir='ltr'>aar</span> <span class='ocrx_word' id='word_1_380' title='bbox 553 4060 663 4124; x_wconf 81' lang='lat' dir='ltr'>Cimolia,</span> <span class='ocrx_word' id='word_1_381' title='bbox 681 4057 812 4114; x_wconf 65' lang='lat' dir='ltr'>cvras.</span> <span class='ocrx_word' id='word_1_382' title='bbox 838 4070 861 4112; x_wconf 84' lang='lat' dir='ltr'>et</span> <span class='ocrx_word' id='word_1_383' title='bbox 875 4061 983 4125; x_wconf 73' lang='grc' dir='ltr'>Οἰνηοίἰα,</span> <span class='ocrx_word' id='word_1_384' title='bbox 998 4060 1028 4127; x_wconf 78' lang='grc' dir='ltr'>β.</span> <span class='ocrx_word' id='word_1_385' title='bbox 1048 4105 1079 4115; x_wconf 89' lang='grc'>..</span> <span class='ocrx_word' id='word_1_386' title='bbox 1106 4073 1130 4114; x_wconf 84' lang='lat' dir='ltr'>et</span> <span class='ocrx_word' id='word_1_387' title='bbox 1144 4062 1292 4128; x_wconf 62' lang='lat' dir='ltr'>empiricam,</span> 
     </span>
     <span class='ocr_line' id='line_1_42' title="bbox 166 4122 719 4195; baseline 0.004 -17"><span class='ocrx_word' id='word_1_388' title='bbox 166 4125 221 4179; x_wconf 85' lang='lat' dir='ltr'>Vd.</span> <span class='ocrx_word' id='word_1_389' title='bbox 238 4129 427 4193; x_wconf 71' lang='lat' dir='ltr'>mtaaapiriosis,</span> <span class='ocrx_word' id='word_1_390' title='bbox 440 4126 510 4195; x_wconf 68' lang='lat' dir='ltr'>assr.</span> <span class='ocrx_word' id='word_1_391' title='bbox 529 4172 560 4181; x_wconf 94' lang='grc'>..</span> <span class='ocrx_word' id='word_1_392' title='bbox 578 4131 612 4192; x_wconf 85' lang='lat' dir='ltr'>ia,</span> <span class='ocrx_word' id='word_1_393' title='bbox 624 4145 674 4180; x_wconf 91' lang='lat' dir='ltr'>om.</span> <span class='ocrx_word' id='word_1_394' title='bbox 691 4122 719 4180; x_wconf 87' lang='grc' dir='ltr'>θ.</span> 
     </span>
    </p>

    <p class='ocr_par' dir='ltr' id='par_1_9' title="bbox 157 4193 1290 4333">
     <span class='ocr_line' id='line_1_43' title="bbox 157 4193 1290 4262; baseline 0.004 -14"><span class='ocrx_word' id='word_1_395' title='bbox 157 4219 159 4226; x_wconf 67' lang='lat'>.</span> <span class='ocrx_word' id='word_1_396' title='bbox 201 4198 286 4261; x_wconf 65' lang='lat'>5213.</span> <span class='ocrx_word' id='word_1_397' title='bbox 304 4195 414 4260; x_wconf 80' lang='lat' dir='ltr'>Ardenti,</span> <span class='ocrx_word' id='word_1_398' title='bbox 426 4199 499 4250; x_wconf 86' lang='lat' dir='ltr'>Vad.</span> <span class='ocrx_word' id='word_1_399' title='bbox 517 4196 672 4257; x_wconf 80' lang='lat' dir='ltr'>Ardeatibus,</span> <span class='ocrx_word' id='word_1_400' title='bbox 682 4193 733 4261; x_wconf 74' lang='grc' dir='ltr'>βγ.</span> <span class='ocrx_word' id='word_1_401' title='bbox 747 4236 778 4247; x_wconf 90' lang='lat'>..</span> <span class='ocrx_word' id='word_1_402' title='bbox 795 4205 868 4261; x_wconf 77' lang='lat' dir='ltr'>ostar,</span> <span class='ocrx_word' id='word_1_403' title='bbox 879 4199 927 4250; x_wconf 88' lang='lat' dir='ltr'>Vd</span> <span class='ocrx_word' id='word_1_404' title='bbox 939 4198 1026 4261; x_wconf 89' lang='lat' dir='ltr'>(codd.</span> <span class='ocrx_word' id='word_1_405' title='bbox 1039 4197 1112 4262; x_wconf 84' lang='lat' dir='ltr'>Gal.)</span> <span class='ocrx_word' id='word_1_406' title='bbox 1128 4197 1206 4260; x_wconf 66' lang='lat' dir='ltr'>aar,</span> <span class='ocrx_word' id='word_1_407' title='bbox 1217 4215 1241 4251; x_wconf 87' lang='lat' dir='ltr'>a.</span> <span class='ocrx_word' id='word_1_408' title='bbox 1257 4239 1290 4251; x_wconf 91' lang='grc'>..</span> 
     </span>
     <span class='ocr_line' id='line_1_44' title="bbox 166 4261 1263 4333; baseline 0.003 -18"><span class='ocrx_word' id='word_1_409' title='bbox 166 4271 241 4327; x_wconf 84' lang='lat' dir='ltr'>cocta,</span> <span class='ocrx_word' id='word_1_410' title='bbox 253 4265 357 4317; x_wconf 87' lang='lat' dir='ltr'>VTad.</span> <span class='ocrx_word' id='word_1_411' title='bbox 376 4271 443 4314; x_wconf 84' lang='lat' dir='ltr'>cocto</span> <span class='ocrx_word' id='word_1_412' title='bbox 454 4273 483 4327; x_wconf 85' lang='lat' dir='ltr'>et,</span> <span class='ocrx_word' id='word_1_413' title='bbox 495 4261 545 4329; x_wconf 76' lang='grc' dir='ltr'>βγ.</span> <span class='ocrx_word' id='word_1_414' title='bbox 564 4266 590 4316; x_wconf 89' lang='grc' dir='ltr'><strong>Α</strong></span> <span class='ocrx_word' id='word_1_415' title='bbox 602 4278 664 4314; x_wconf 83' lang='lat' dir='ltr'>voce</span> <span class='ocrx_word' id='word_1_416' title='bbox 676 4262 831 4314; x_wconf 79' lang='lat' dir='ltr'>comitialibus</span> <span class='ocrx_word' id='word_1_417' title='bbox 843 4280 909 4316; x_wconf 83' lang='lat' dir='ltr'>nova</span> <span class='ocrx_word' id='word_1_418' title='bbox 920 4267 971 4318; x_wconf 89' lang='lat' dir='ltr'>iam</span> <span class='ocrx_word' id='word_1_419' title='bbox 983 4267 1101 4330; x_wconf 72' lang='lat' dir='ltr'>periodus</span> <span class='ocrx_word' id='word_1_420' title='bbox 1113 4266 1209 4331; x_wconf 78' lang='lat' dir='ltr'>incipit.</span> <span class='ocrx_word' id='word_1_421' title='bbox 1260 4329 1263 4333; x_wconf 62' lang='lat'><em>,</em></span> 
     </span>
    </p>
   </div>
   <div class='ocr_carea' id='block_1_5' title="bbox 0 0 1385 4726">
    <p class='ocr_par' dir='ltr' id='par_1_10' title="bbox 0 0 1385 4726">
     <span class='ocr_line' id='line_1_45' title="bbox 0 0 1385 4726; baseline 0 0"><span class='ocrx_word' id='word_1_422' title='bbox 0 0 1385 4726; x_wconf 95' lang='lat' dir='ltr'> </span> 
     </span>
    </p>
   </div>
  </div>
 </body>
</html>
