2754 4726
411 291 482 337 urs,
498 292 586 340 xvn.
615 290 694 339 oar.
710 293 732 339 r.
749 292 787 340 11.
810 291 909 340 sucu.
926 295 943 336 1.
957 293 977 337 r.
1212 276 1252 341 69

133 438 250 524 priscis
278 449 468 524 cautumque
495 452 547 506 est
572 464 621 506 xn
648 441 767 508 tabulis
793 453 829 506 ut
856 444 911 527 qui
937 443 1053 508 iniuria
1083 444 1254 511 cecidisset

59 555 62 559 ’
134 541 253 606 alienas
274 541 377 605 lueret
397 541 432 605 in
454 541 598 628 singulas
619 543 703 608 aeris
725 565 805 606 xxv.
840 541 928 626 Quid
950 545 1180 610 existumamus
1201 545 1281 611 far-8

134 652 264 706 turasne
285 663 339 706 eas
360 641 544 718 credidisse
558 642 600 706 ad
622 665 720 728 supra
747 643 867 708 dictem
895 645 1154 710 aestumationem
1182 644 1253 713 illos

102 826 111 838 s
134 741 190 825 qui
218 741 390 827 frugiferas
417 742 497 807 tanti
526 745 733 810 taxaverant?
755 742 839 808 Nec
872 744 978 809 minus
1006 745 1194 811 miraculum
1219 747 1253 811 iu

133 865 229 929 pomo
255 854 314 921 est,
344 846 517 908 multarum
544 845 628 910 circa
658 843 842 912 suburbana
867 845 974 910 tiuotu
1000 868 1106 911 annuo
1127 846 1254 914 addicto

132 944 217 1009 binis
239 942 367 1009 milibus
388 966 563 1022 nummum,
585 945 705 1010 maiore
720 945 917 1033 singularum
930 945 1048 1023 reditu,
1070 968 1166 1030 quam
1187 957 1255 1013 erat

132 1044 221 1129 apud
242 1045 389 1128 antiquos
410 1045 622 1130 praediorum.
661 1043 716 1111 Ob
737 1046 798 1111 hoc
825 1046 921 1110 insita
948 1057 980 1111 et
1001 1047 1151 1112 arborum
1172 1070 1253 1132 quo·

131 1167 195 1228 que
217 1145 374 1210 adulteria
395 1146 576 1231 excogitata
598 1157 683 1224 suut,
710 1157 748 1210 ut
773 1168 834 1212 nec
859 1169 956 1232 poma
976 1147 1173 1234 pauperibus
1194 1168 1253 1212 na-

133 1256 307 1312 scerentur.
341 1245 436 1311 Nunc
458 1269 535 1332 ergo
558 1247 712 1326 dicemus,
735 1270 872 1333 quonam
893 1271 1043 1314 maxume
1065 1249 1161 1314 modo
1182 1260 1282 1314 tan-s

134 1359 202 1411 tum
224 1369 265 1412 ex
286 1346 336 1411 his
363 1347 500 1434 vectigal
526 1348 700 1436 contingat,
728 1371 836 1412 veram
867 1349 990 1413 colendi
1019 1348 1173 1419 rationem
1195 1349 1252 1416 ab·

132 1449 331 1531 solutamque
358 1448 526 1534 prodituri,
553 1459 586 1513 et
610 1448 684 1513 ideo
711 1470 775 1514 non
803 1448 933 1535 volgata
960 1448 1166 1514 tractabimus
1193 1472 1254 1516 neo

132 1571 215 1632 quae
237 1559 383 1613 constare
404 1548 509 1612 animo
531 1549 740 1627 advertimus,
764 1548 820 1613 sed
841 1550 963 1614 incerta
977 1561 1073 1632 atque
1089 1549 1197 1627 dubia,
1219 1550 1254 1615 iu

131 1649 251 1733 quibus
273 1672 421 1714 maxume
443 1648 562 1715 fallitur
584 1649 667 1726 vita3
691 1673 766 1714 nam
780 1650 981 1736 diligentiam
998 1651 1032 1714 in
1048 1651 1254 1736 supervacuis
1313 1660 1317 1675 ¹

131 1751 293 1815 adfectare
314 1744 377 1814 non
399 1759 545 1814 nostrum
567 1760 624 1814 cst
646 1750 734 1813 Ante
755 1750 862 1814 omnia
884 1762 990 1815 autem
1012 1752 1045 1815 in
1067 1750 1253 1817 universum

132 1864 166 1915 et
188 1873 272 1934 quae
294 1850 335 1913 ad
364 1860 481 1915 cuncta
509 1848 658 1913 arborum
688 1872 805 1934 genera
832 1850 997 1939 pertinent
1023 1850 1056 1913 in
1085 1872 1252 1930 conmune,

132 1951 174 2015 de
196 1953 284 2016 caelo
306 1962 454 2033 terraque
476 1950 629 2014 dicemus.

174 2051 220 2117 H.
244 2055 274 2116 2.
312 2052 473 2136 Aquilone
501 2072 649 2116 maxume
676 2051 836 2137 gaudent,
872 2049 1037 2116 densiores
1064 2050 1105 2115 ab
1132 2049 1253 2115 adflatu
1269 2069 1299 2112 10

130 2153 204 2219 eius
224 2154 438 2237 laetioresque
468 2163 499 2216 et
521 2152 672 2216 materiae
698 2152 864 2230 firmiores,
892 2173 956 2235 qua
983 2151 1017 2214 in
1045 2173 1080 2216 re
1108 2151 1253 2237 plerique

130 2255 296 2332 falluntur,
320 2276 394 2319 oum
414 2252 447 2316 in
466 2249 778 2339 'vineispedamenta
799 2276 864 2318 non
887 2254 950 2317 sint
972 2276 991 2317 a
1012 2263 1109 2318 vento
1131 2276 1169 2318 eo
1192 2276 1251 2340 op-

129 2355 280 2442 ponenda
301 2364 335 2420 et
355 2354 389 2419 id
412 2363 533 2418 tantum
549 2377 568 2418 a
583 2355 801 2440 septentrione
816 2354 1019 2419 servandum.
1044 2352 1132 2434 Quin
1154 2354 1251 2419 immo
1358 2425 1362 2431 ,

130 2457 325 2544 tempestiva
346 2455 468 2541 frigora
488 2457 673 2541 plurumum
695 2455 843 2521 arborum
865 2455 1006 2520 firmitati
1028 2455 1198 2520 conferunt
1219 2465 1252 2519 et

129 2557 179 2622 sic
208 2566 339 2639 optume
366 2555 555 2642 germinant,
578 2554 640 2621 alia
661 2577 726 2639 qua
747 2556 774 2620 si
796 2555 1000 2620 blandiantur
1022 2556 1133 2634 austri,
1162 2555 1251 2619 defa-

129 2657 295 2735 tiscentes,
318 2673 356 2720 ac
376 2656 480 2744 magis
503 2656 599 2722 etiam
619 2657 653 2721 in
673 2656 794 2721 dorem.
826 2655 910 2719 Nam
932 2656 1054 2720 sicum
1076 2656 1251 2720 defloruere
1266 2672 1295 2715 ιι

129 2756 294 2846 protinus‘
308 2768 482 2841 sequantur
502 2756 633 2836 imbres,
664 2755 698 2820 in
720 2766 822 2822 totum
842 2777 938 2841 poma
959 2754 1148 2840 depereunt,
1170 2746 1271 2820 adeo¹
1340 2818 1344 2829 ,

128 2871 170 2925 ut
190 2858 381 2944 amygdalae
403 2870 436 2923 et
457 2859 529 2942 piri,
559 2859 656 2923 etiam
683 2856 710 2922 si
738 2856 866 2922 omnino
887 2856 1033 2921 nubilum
1054 2855 1114 2920 luit
1135 2855 1250 2922 austri·

128 2982 236 3026 musve
261 2959 373 3037 flatus,
402 2949 551 3024 amittant
576 2960 671 3025 fetus.
717 2955 813 3024 Circa
839 2957 990 3044 vergilias
1018 2955 1148 3040 quidem
1175 2959 1248 3043 plu·

129 3083 212 3127 vere
241 3059 495 3126 inimicissimum
521 3060 580 3125 viti
607 3071 640 3126 et
666 3060 766 3137 oleae,
801 3059 951 3141 quoniam
978 3068 1046 3121 tum
1073 3058 1174 3124 coitus
1202 3071 1250 3126 eat

133 3230 281 3292 CLXXX,
291 3236 372 3284 omitt
381 3235 426 3282 ad.
447 3230 556 3292 CXLV,
569 3231 658 3282 Sachs.
674 3229 810 3282 Gesclticbte
827 3229 870 3278 der
882 3229 956 3282 sads
965 3231 1028 3283 Rom
1042 3237 1064 3292 l,
1078 3238 1135 3283 too.
1149 3238 1206 3284 588.
1222 3273 1247 3284 -

125 3307 222 3365 postea,
234 3299 303 3358 calta
316 3301 421 3380 (iesner.
433 3302 460 3349 in
472 3301 607 3349 chrestum.
619 3315 644 3362 p.
658 3304 715 3348 541.
733 3298 821 3348 Postea
831 3297 902 3359 culta,
914 3295 1003 3363 adssr.

167 3371 219 3499 ἐξ.
244 3367 385 3496 ssqoqeana
397 3433 481 3498 copiti,
493 3450 543 3484 om.
555 3449 578 3483 a
597 3475 627 3484 ..
650 3433 694 3495 ito,
707 3435 797 3485 Tadr.
824 3433 860 3484 ita
871 3434 940 3493 enim,
952 3429 981 3495 β.
1001 3475 1032 3484 -
1059 3433 1127 3494 ande,
1139 3451 1162 3484 a.
1189 3433 1250 3494 ude,

129 3503 205 3552 Tdr.
222 3543 254 3553 ..
270 3501 483 3565 primo-acmen,
496 3503 563 3552 delet
573 3502 641 3552 Piut.
661 3542 692 3552 ..
709 3501 816 3567 stapulas
827 3501 897 3550 siclos
908 3501 979 3562 aeni,
990 3503 1023 3552 K.

167 3588 219 3650 §8-
237 3584 375 3648 saturasse,
388 3602 411 3636 a.
434 3593 580 3646 ventorumne,
595 3578 695 3649 OTdr.
715 3626 745 3635 ..
769 3583 971 3647 credidissetad.
992 3625 1022 3634 -
1044 3587 1130 3647 suffia.
1149 3624 1179 3632 -
1203 3584 1251 3647 qai,
1334 3579 1336 3583 ’

128 3652 218 3770 &TW
224 3651 271 3768 pel,
284 3654 337 3703 Τὰ.
351 3693 381 3702 ..
393 3651 550 3769 smpiserpm,
562 3655 598 3703 a'.
612 3694 643 3732 ··.
662 3660 760 3714 tantam,
771 3656 808 3703 α’.
821 3694 851 3702 -
872 3659 1032 3711 moverant,
1045 3653 1080 3701 at
1099 3659 1251 3713 moverant,

209 3723 219 3752 ²
259 3757 266 3769 .
286 3762 316 3770 .,
335 3735 486 3780 nummorum,
517 3755 523 3769 .
543 3761 573 3769 -
592 3735 693 3768 marom

167 3736 220 3865 iod.
245 3737 386 3864 dubitatae„
405 3845 437 3854 ..
460 3820 570 3868 quonam,
583 3803 644 3854 ΤΚ.
668 3737 757 3866 quida.
780 3819 833 3865 qao,
847 3799 918 3880 dssy.
943 3843 973 3851 ..
997 3802 1160 3880 tracmaimua,
1172 3819 1196 3852 a.
1220 3845 1250 3881 ·.·

126 3871 213 3991 ,Ὗ
225 3870 376 3990 ilidii?
386 3866 475 3991 tlt
483 3870 702 4002 iffliibit
713 3865 756 3987 ‘¹24⁵
759 3884 778 3934 r
778 3906 784 3918 ‘
798 3911 828 3919 “
849 3873 1074 3933 mmm
1091 3886 1251 3934 ⁸“‘’⁰'”⁰⁰¹‘”’

166 3975 442 4088 5-10.flrriicres,ad.
458 4017 648 4087 firmrbrra,ssr.
672 3974 710 4072 Vi
718 4023 751 4070 ad
765 4027 804 4077 16,
817 4026 873 4072 2³2.
898 4062 929 4071 -
953 4038 1024 4082 aaa
1044 4061 1075 4071 -
1095 4019 1250 4084 ροποηᾱα,ᾱ.

128 4132 165 4142 ..
183 4089 292 4154 altaque,
305 4107 328 4140 a.
347 4088 444 4153 alioqui,
456 4086 526 4154 dssr.
546 4125 577 4140 a.
596 4087 762 4152 describemus,
774 4092 798 4138 d.
818 4129 849 4137 -
859 4088 956 4151 florem,
968 4092 1029 4139 adr.
1039 4088 1112 4151 flore,
1123 4084 1174 4153 βγ.

166 4176 237 4238 511.
263 4181 401 4238 ssqaantar,
413 4177 457 4224 ad.
478 4181 614 4237 sequuntur,
625 4188 667 4239 rr.
687 4213 718 4223 ..
734 4171 821 4236 faerit,
834 4174 858 4221 d.
878 4213 908 4222 ..
931 4170 1034 4235 pluvere,
1046 4173 1082 4222 ita
1093 4188 1140 4224 nos
1152 4172 1250 4235 scripsi·
1322 4193 1327 4197 ·

125 4258 198 4294 mas.
216 4239 322 4304 pulvera,
333 4243 387 4295 Da.
403 4238 495 4304 pluere,
507 4236 579 4304 dssr.
598 4280 629 4292 ..
649 4249 703 4301 tam,
715 4241 760 4292 ad.
779 4247 841 4301 tuac,
851 4234 903 4304 βγ.
