<?xml version="1.0" encoding="UTF-8"?>
<!DOCTYPE html PUBLIC "-//W3C//DTD XHTML 1.0 Transitional//EN"
    "http://www.w3.org/TR/xhtml1/DTD/xhtml1-transitional.dtd">
<html xmlns="http://www.w3.org/1999/xhtml" xml:lang="en" lang="en">
 <head>
  <title>
</title>
<meta http-equiv="Content-Type" content="text/html;charset=utf-8" />
  <meta name='ocr-system' content='tesseract 3.04.00' />
  <meta name='ocr-capabilities' content='ocr_page ocr_carea ocr_par ocr_line ocrx_word'/>
</head>
<body>
  <div class='ocr_page' id='page_1' title='image "./cplinisecundina02grongoog_0158.png"; bbox 0 0 2754 4726; ppageno 0'>
   <div class='ocr_carea' id='block_1_1' title="bbox 334 311 1232 381">
    <p class='ocr_par' dir='ltr' id='par_1_1' title="bbox 334 311 1232 381">
     <span class='ocr_line' id='line_1_1' title="bbox 334 311 1232 381; baseline 0.011 -16"><span class='ocrx_word' id='word_1_1' title='bbox 334 352 339 365; x_wconf 78' lang='grc'><em>.</em></span> <span class='ocrx_word' id='word_1_2' title='bbox 389 320 460 366; x_wconf 81' lang='lat' dir='ltr'>cru.</span> <span class='ocrx_word' id='word_1_3' title='bbox 475 321 578 369; x_wconf 81' lang='lat' dir='ltr'>xvm.</span> <span class='ocrx_word' id='word_1_4' title='bbox 607 320 685 381; x_wconf 77' lang='lat' dir='ltr'>car.</span> <span class='ocrx_word' id='word_1_5' title='bbox 702 323 750 369; x_wconf 78' lang='lat' dir='ltr'>vr.</span> <span class='ocrx_word' id='word_1_6' title='bbox 780 322 877 369; x_wconf 80' lang='lat' dir='ltr'>sacr.</span> <span class='ocrx_word' id='word_1_7' title='bbox 893 325 911 369; x_wconf 80' lang='lat' dir='ltr'>r.</span> <span class='ocrx_word' id='word_1_8' title='bbox 926 326 945 367; x_wconf 87' lang='lat' dir='ltr'>s.</span> <span class='ocrx_word' id='word_1_9' title='bbox 1173 311 1232 374; x_wconf 74' lang='lat'>147</span> 
     </span>
    </p>
   </div>
   <div class='ocr_carea' id='block_1_2' title="bbox 102 467 1279 1974">
    <p class='ocr_par' dir='ltr' id='par_1_2' title="bbox 102 467 1279 1974">
     <span class='ocr_line' id='line_1_2' title="bbox 111 467 1235 565; baseline 0.008 -30"><span class='ocrx_word' id='word_1_10' title='bbox 111 467 185 535; x_wconf 86' lang='lat' dir='ltr'>Coli</span> <span class='ocrx_word' id='word_1_11' title='bbox 214 489 290 532; x_wconf 90' lang='lat' dir='ltr'>rura</span> <span class='ocrx_word' id='word_1_12' title='bbox 316 469 357 534; x_wconf 87' lang='lat' dir='ltr'>ab</span> <span class='ocrx_word' id='word_1_13' title='bbox 385 471 557 556; x_wconf 88' lang='lat' dir='ltr'>ergastulis</span> <span class='ocrx_word' id='word_1_14' title='bbox 585 471 760 557; x_wconf 90' lang='lat' dir='ltr'>pessimum</span> <span class='ocrx_word' id='word_1_15' title='bbox 787 485 837 538; x_wconf 91' lang='lat' dir='ltr'>est</span> <span class='ocrx_word' id='word_1_16' title='bbox 857 484 889 540; x_wconf 90' lang='lat' dir='ltr'>et</span> <span class='ocrx_word' id='word_1_17' title='bbox 909 476 1065 560; x_wconf 88' lang='lat' dir='ltr'>quidquid</span> <span class='ocrx_word' id='word_1_18' title='bbox 1087 477 1194 565; x_wconf 87' lang='lat' dir='ltr'>agitur</span> <span class='ocrx_word' id='word_1_19' title='bbox 1215 501 1235 551; x_wconf 85' lang='lat' dir='ltr'>a</span> 
     </span>
     <span class='ocr_line' id='line_1_3' title="bbox 108 568 1235 663; baseline 0.008 -28"><span class='ocrx_word' id='word_1_20' title='bbox 108 568 367 656; x_wconf 82' lang='lat' dir='ltr'>desperantibus.</span> <span class='ocrx_word' id='word_1_21' title='bbox 391 570 612 636; x_wconf 81' lang='lat' dir='ltr'>Temerarium</span> <span class='ocrx_word' id='word_1_22' title='bbox 627 571 776 637; x_wconf 85' lang='lat' dir='ltr'>videatur</span> <span class='ocrx_word' id='word_1_23' title='bbox 789 596 886 639; x_wconf 85' lang='lat' dir='ltr'>unam</span> <span class='ocrx_word' id='word_1_24' title='bbox 900 597 1012 641; x_wconf 87' lang='lat' dir='ltr'>vocem</span> <span class='ocrx_word' id='word_1_25' title='bbox 1030 578 1235 663; x_wconf 86' lang='lat' dir='ltr'>antiquorum</span> 
     </span>
     <span class='ocr_line' id='line_1_4' title="bbox 106 671 1234 759; baseline 0.007 -23"><span class='ocrx_word' id='word_1_26' title='bbox 106 671 274 757; x_wconf 82' lang='lat' dir='ltr'>posuisse,</span> <span class='ocrx_word' id='word_1_27' title='bbox 308 682 340 735; x_wconf 91' lang='lat' dir='ltr'>et</span> <span class='ocrx_word' id='word_1_28' title='bbox 367 672 512 737; x_wconf 76' lang='lat' dir='ltr'>fortassis</span> <span class='ocrx_word' id='word_1_29' title='bbox 539 672 727 739; x_wconf 84' lang='lat' dir='ltr'>incredibile</span> <span class='ocrx_word' id='word_1_30' title='bbox 753 675 884 759; x_wconf 86' lang='lat' dir='ltr'>penitus</span> <span class='ocrx_word' id='word_1_31' title='bbox 911 684 1123 757; x_wconf 74' lang='lat' dir='ltr'>aestumetur,</span> <span class='ocrx_word' id='word_1_32' title='bbox 1155 680 1234 744; x_wconf 89' lang='lat' dir='ltr'><strong>nihil</strong></span> 
     </span>
     <span class='ocr_line' id='line_1_5' title="bbox 106 762 1279 860; baseline 0.006 -24"><span class='ocrx_word' id='word_1_33' title='bbox 106 772 215 836; x_wconf 88' lang='lat' dir='ltr'>minus</span> <span class='ocrx_word' id='word_1_34' title='bbox 236 772 390 858; x_wconf 84' lang='lat' dir='ltr'>expedire</span> <span class='ocrx_word' id='word_1_35' title='bbox 411 795 506 858; x_wconf 89' lang='lat' dir='ltr'>quam</span> <span class='ocrx_word' id='word_1_36' title='bbox 527 797 643 860; x_wconf 88' lang='lat' dir='ltr'>agrurn</span> <span class='ocrx_word' id='word_1_37' title='bbox 656 786 786 860; x_wconf 85' lang='lat' dir='ltr'>optume</span> <span class='ocrx_word' id='word_1_38' title='bbox 803 776 917 841; x_wconf 88' lang='lat' dir='ltr'>colere.</span> <span class='ocrx_word' id='word_1_39' title='bbox 939 762 1116 844; x_wconf 53' lang='lat' dir='ltr'>Ls&#39;l&#39;arius</span> <span class='ocrx_word' id='word_1_40' title='bbox 1129 780 1234 847; x_wconf 83' lang='lat' dir='ltr'>Rufus</span> <span class='ocrx_word' id='word_1_41' title='bbox 1247 795 1279 843; x_wconf 82' lang='lat'>³⁷</span> 
     </span>
     <span class='ocr_line' id='line_1_6' title="bbox 105 873 1235 948; baseline 0.007 -9"><span class='ocrx_word' id='word_1_42' title='bbox 105 873 218 939; x_wconf 88' lang='lat' dir='ltr'>infima</span> <span class='ocrx_word' id='word_1_43' title='bbox 237 873 393 938; x_wconf 89' lang='lat' dir='ltr'>natalium</span> <span class='ocrx_word' id='word_1_44' title='bbox 414 873 592 939; x_wconf 90' lang='lat' dir='ltr'>humilitate</span> <span class='ocrx_word' id='word_1_45' title='bbox 614 876 814 940; x_wconf 89' lang='lat' dir='ltr'>consulatum</span> <span class='ocrx_word' id='word_1_46' title='bbox 836 876 964 941; x_wconf 87' lang='lat' dir='ltr'>militari</span> <span class='ocrx_word' id='word_1_47' title='bbox 987 879 1147 945; x_wconf 87' lang='lat' dir='ltr'>industria</span> <span class='ocrx_word' id='word_1_48' title='bbox 1166 906 1235 948; x_wconf 91' lang='lat' dir='ltr'>me·</span> 
     </span>
     <span class='ocr_line' id='line_1_7' title="bbox 106 975 1235 1060; baseline 0.007 -21"><span class='ocrx_word' id='word_1_49' title='bbox 106 975 208 1052; x_wconf 88' lang='lat' dir='ltr'>ritus,</span> <span class='ocrx_word' id='word_1_50' title='bbox 230 975 381 1058; x_wconf 88' lang='lat' dir='ltr'>antiquae</span> <span class='ocrx_word' id='word_1_51' title='bbox 404 976 484 1040; x_wconf 89' lang='lat' dir='ltr'>alias</span> <span class='ocrx_word' id='word_1_52' title='bbox 505 977 734 1060; x_wconf 78' lang='lat' dir='ltr'>parsimoniae,</span> <span class='ocrx_word' id='word_1_53' title='bbox 757 977 883 1043; x_wconf 81' lang='lat' dir='ltr'>circiter</span> <span class='ocrx_word' id='word_1_54' title='bbox 904 979 1007 1044; x_wconf 89' lang='lat' dir='ltr'>milies</span> <span class='ocrx_word' id='word_1_55' title='bbox 1030 977 1102 1047; x_wconf 86' lang='lat' dir='ltr'>HS.</span> <span class='ocrx_word' id='word_1_56' title='bbox 1117 982 1235 1049; x_wconf 78' lang='lat' dir='ltr'>libera·</span> 
     </span>
     <span class='ocr_line' id='line_1_8' title="bbox 102 1076 1236 1165; baseline 0.008 -24"><span class='ocrx_word' id='word_1_57' title='bbox 102 1077 199 1145; x_wconf 89' lang='lat' dir='ltr'>litate</span> <span class='ocrx_word' id='word_1_58' title='bbox 238 1076 304 1142; x_wconf 87' lang='lat' dir='ltr'>divi</span> <span class='ocrx_word' id='word_1_59' title='bbox 342 1076 486 1162; x_wconf 87' lang='lat' dir='ltr'>Augusti</span> <span class='ocrx_word' id='word_1_60' title='bbox 524 1089 714 1165; x_wconf 87' lang='lat' dir='ltr'>congestum</span> <span class='ocrx_word' id='word_1_61' title='bbox 751 1101 854 1163; x_wconf 90' lang='lat' dir='ltr'>usque</span> <span class='ocrx_word' id='word_1_62' title='bbox 893 1081 936 1144; x_wconf 90' lang='lat' dir='ltr'>ad</span> <span class='ocrx_word' id='word_1_63' title='bbox 972 1081 1236 1156; x_wconf 87' lang='lat' dir='ltr'>detractationem</span> 
     </span>
     <span class='ocr_line' id='line_1_9' title="bbox 104 1178 1233 1270; baseline 0.006 -26"><span class='ocrx_word' id='word_1_64' title='bbox 104 1178 237 1244; x_wconf 92' lang='lat' dir='ltr'>heredis</span> <span class='ocrx_word' id='word_1_65' title='bbox 266 1178 413 1243; x_wconf 82' lang='lat' dir='ltr'>exhausit</span> <span class='ocrx_word' id='word_1_66' title='bbox 444 1201 541 1267; x_wconf 89' lang='lat' dir='ltr'>agros</span> <span class='ocrx_word' id='word_1_67' title='bbox 567 1180 601 1242; x_wconf 92' lang='lat' dir='ltr'>in</span> <span class='ocrx_word' id='word_1_68' title='bbox 627 1179 748 1244; x_wconf 91' lang='lat' dir='ltr'>Piceno</span> <span class='ocrx_word' id='word_1_69' title='bbox 781 1182 954 1248; x_wconf 91' lang='lat' dir='ltr'>coemendo</span> <span class='ocrx_word' id='word_1_70' title='bbox 982 1183 1179 1270; x_wconf 91' lang='lat' dir='ltr'>colendoque</span> <span class='ocrx_word' id='word_1_71' title='bbox 1200 1187 1233 1251; x_wconf 89' lang='lat' dir='ltr'>in</span> 
     </span>
     <span class='ocr_line' id='line_1_10' title="bbox 106 1280 1235 1368; baseline 0.008 -24"><span class='ocrx_word' id='word_1_72' title='bbox 106 1280 258 1368; x_wconf 88' lang='lat' dir='ltr'>gloriam.</span> <span class='ocrx_word' id='word_1_73' title='bbox 299 1280 553 1345; x_wconf 88' lang='lat' dir='ltr'>Interneciouem</span> <span class='ocrx_word' id='word_1_74' title='bbox 586 1302 664 1368; x_wconf 86' lang='lat' dir='ltr'>ergo</span> <span class='ocrx_word' id='word_1_75' title='bbox 686 1281 866 1366; x_wconf 83' lang='lat' dir='ltr'>famemque</span> <span class='ocrx_word' id='word_1_76' title='bbox 899 1287 1087 1349; x_wconf 76' lang='lat' dir='ltr'>censemus?</span> <span class='ocrx_word' id='word_1_77' title='bbox 1126 1287 1235 1363; x_wconf 90' lang='lat' dir='ltr'>imma,</span> 
     </span>
     <span class='ocr_line' id='line_1_11' title="bbox 105 1380 1279 1459; baseline 0.006 -13"><span class='ocrx_word' id='word_1_78' title='bbox 105 1380 279 1459; x_wconf 89' lang='lat' dir='ltr'>Hercules,</span> <span class='ocrx_word' id='word_1_79' title='bbox 302 1380 448 1458; x_wconf 86' lang='lat' dir='ltr'>modum,</span> <span class='ocrx_word' id='word_1_80' title='bbox 470 1380 612 1446; x_wconf 90' lang='lat' dir='ltr'>iudicem</span> <span class='ocrx_word' id='word_1_81' title='bbox 625 1404 733 1447; x_wconf 91' lang='lat' dir='ltr'>rerum</span> <span class='ocrx_word' id='word_1_82' title='bbox 748 1383 890 1448; x_wconf 89' lang='lat' dir='ltr'>omnium</span> <span class='ocrx_word' id='word_1_83' title='bbox 905 1385 1120 1451; x_wconf 89' lang='lat' dir='ltr'>utilissimum.</span> <span class='ocrx_word' id='word_1_84' title='bbox 1141 1386 1234 1453; x_wconf 91' lang='lat' dir='ltr'>Bene</span> <span class='ocrx_word' id='word_1_85' title='bbox 1247 1400 1279 1446; x_wconf 82' lang='lat'>³8</span> 
     </span>
     <span class='ocr_line' id='line_1_12' title="bbox 105 1483 1233 1572; baseline 0.005 -23"><span class='ocrx_word' id='word_1_86' title='bbox 105 1484 215 1550; x_wconf 88' lang='lat' dir='ltr'>colere</span> <span class='ocrx_word' id='word_1_87' title='bbox 245 1483 463 1547; x_wconf 88' lang='lat' dir='ltr'>necessarium</span> <span class='ocrx_word' id='word_1_88' title='bbox 496 1493 559 1560; x_wconf 89' lang='lat' dir='ltr'>est,</span> <span class='ocrx_word' id='word_1_89' title='bbox 603 1494 735 1568; x_wconf 89' lang='lat' dir='ltr'>optume</span> <span class='ocrx_word' id='word_1_90' title='bbox 766 1483 972 1563; x_wconf 84' lang='lat' dir='ltr'>damnosum,</span> <span class='ocrx_word' id='word_1_91' title='bbox 1008 1498 1233 1572; x_wconf 76' lang='lat' dir='ltr'>praeterquam</span> 
     </span>
     <span class='ocr_line' id='line_1_13' title="bbox 106 1583 1233 1669; baseline 0.002 -18"><span class='ocrx_word' id='word_1_92' title='bbox 106 1584 239 1661; x_wconf 89' lang='lat' dir='ltr'>subole,</span> <span class='ocrx_word' id='word_1_93' title='bbox 260 1606 319 1649; x_wconf 89' lang='lat' dir='ltr'>suo</span> <span class='ocrx_word' id='word_1_94' title='bbox 341 1583 452 1648; x_wconf 92' lang='lat' dir='ltr'>colono</span> <span class='ocrx_word' id='word_1_95' title='bbox 475 1594 531 1647; x_wconf 92' lang='lat' dir='ltr'>aut</span> <span class='ocrx_word' id='word_1_96' title='bbox 544 1584 734 1669; x_wconf 85' lang='lat' dir='ltr'>pascendis3</span> <span class='ocrx_word' id='word_1_97' title='bbox 757 1584 877 1669; x_wconf 91' lang='lat' dir='ltr'>alioqui</span> <span class='ocrx_word' id='word_1_98' title='bbox 893 1587 1016 1652; x_wconf 88' lang='lat' dir='ltr'>colente</span> <span class='ocrx_word' id='word_1_99' title='bbox 1031 1587 1159 1655; x_wconf 90' lang='lat' dir='ltr'>domino</span> <span class='ocrx_word' id='word_1_100' title='bbox 1174 1589 1233 1653; x_wconf 83' lang='lat' dir='ltr'>ali·</span> 
     </span>
     <span class='ocr_line' id='line_1_14' title="bbox 105 1684 1234 1776; baseline 0.005 -25"><span class='ocrx_word' id='word_1_101' title='bbox 105 1707 190 1769; x_wconf 85' lang='lat' dir='ltr'>quas</span> <span class='ocrx_word' id='word_1_102' title='bbox 211 1684 326 1750; x_wconf 88' lang='lat' dir='ltr'>messis</span> <span class='ocrx_word' id='word_1_103' title='bbox 348 1685 499 1770; x_wconf 85' lang='lat' dir='ltr'>colligere</span> <span class='ocrx_word' id='word_1_104' title='bbox 521 1708 584 1749; x_wconf 90' lang='lat' dir='ltr'>non</span> <span class='ocrx_word' id='word_1_105' title='bbox 608 1686 758 1771; x_wconf 88' lang='lat' dir='ltr'>expedit,</span> <span class='ocrx_word' id='word_1_106' title='bbox 781 1687 807 1751; x_wconf 90' lang='lat' dir='ltr'>si</span> <span class='ocrx_word' id='word_1_107' title='bbox 831 1698 1025 1773; x_wconf 91' lang='lat' dir='ltr'>conputetur</span> <span class='ocrx_word' id='word_1_108' title='bbox 1045 1689 1234 1776; x_wconf 91' lang='lat' dir='ltr'>inpendium</span> 
     </span>
     <span class='ocr_line' id='line_1_15' title="bbox 103 1785 1235 1879; baseline 0.004 -27"><span class='ocrx_word' id='word_1_109' title='bbox 103 1808 235 1874; x_wconf 86' lang='lat' dir='ltr'>operae.</span> <span class='ocrx_word' id='word_1_110' title='bbox 270 1785 341 1850; x_wconf 88' lang='lat' dir='ltr'>Nec</span> <span class='ocrx_word' id='word_1_111' title='bbox 371 1797 491 1851; x_wconf 89' lang='lat' dir='ltr'>temere</span> <span class='ocrx_word' id='word_1_112' title='bbox 521 1787 637 1852; x_wconf 86' lang='lat' dir='ltr'>olivam</span> <span class='ocrx_word' id='word_1_113' title='bbox 667 1809 728 1852; x_wconf 89' lang='lat' dir='ltr'>nec</span> <span class='ocrx_word' id='word_1_114' title='bbox 755 1788 911 1870; x_wconf 90' lang='lat' dir='ltr'>quasdam</span> <span class='ocrx_word' id='word_1_115' title='bbox 936 1799 1036 1855; x_wconf 88' lang='lat' dir='ltr'>terras</span> <span class='ocrx_word' id='word_1_116' title='bbox 1062 1791 1235 1879; x_wconf 86' lang='lat' dir='ltr'>diligenter</span> 
     </span>
     <span class='ocr_line' id='line_1_16' title="bbox 104 1883 1146 1974; baseline 0.001 -19"><span class='ocrx_word' id='word_1_117' title='bbox 104 1889 228 1966; x_wconf 87' lang='lat' dir='ltr'>colere,</span> <span class='ocrx_word' id='word_1_118' title='bbox 252 1887 335 1952; x_wconf 93' lang='lat' dir='ltr'>sicut</span> <span class='ocrx_word' id='word_1_119' title='bbox 355 1887 389 1951; x_wconf 92' lang='lat' dir='ltr'>iu</span> <span class='ocrx_word' id='word_1_120' title='bbox 411 1883 539 1965; x_wconf 85' lang='lat' dir='ltr'>Sicilia,</span> <span class='ocrx_word' id='word_1_121' title='bbox 562 1886 710 1962; x_wconf 81' lang='lat' dir='ltr'>tradunt3</span> <span class='ocrx_word' id='word_1_122' title='bbox 736 1887 845 1971; x_wconf 85' lang='lat' dir='ltr'>itaque</span> <span class='ocrx_word' id='word_1_123' title='bbox 868 1888 973 1974; x_wconf 88' lang='lat' dir='ltr'>decipi</span> <span class='ocrx_word' id='word_1_124' title='bbox 995 1891 1146 1956; x_wconf 86' lang='lat' dir='ltr'>advenas.</span> 
     </span>
    </p>
   </div>
   <div class='ocr_carea' id='block_1_3' title="bbox 104 1986 1278 2380">
    <p class='ocr_par' dir='ltr' id='par_1_3' title="bbox 104 1986 1278 2380">
     <span class='ocr_line' id='line_1_17' title="bbox 149 1986 1278 2077; baseline 0.003 -23"><span class='ocrx_word' id='word_1_125' title='bbox 149 1990 181 2054; x_wconf 87' lang='lat'>8.</span> <span class='ocrx_word' id='word_1_126' title='bbox 206 1986 356 2069; x_wconf 85' lang='lat' dir='ltr'>Quonam</span> <span class='ocrx_word' id='word_1_127' title='bbox 376 1988 478 2076; x_wconf 88' lang='lat' dir='ltr'>igitur</span> <span class='ocrx_word' id='word_1_128' title='bbox 499 1988 596 2053; x_wconf 91' lang='lat' dir='ltr'>modo</span> <span class='ocrx_word' id='word_1_129' title='bbox 617 1987 786 2053; x_wconf 88' lang='lat' dir='ltr'>utilissime</span> <span class='ocrx_word' id='word_1_130' title='bbox 808 1987 954 2052; x_wconf 89' lang='lat' dir='ltr'>coluntur</span> <span class='ocrx_word' id='word_1_131' title='bbox 976 1990 1069 2077; x_wconf 79' lang='lat' dir='ltr'>agri?</span> <span class='ocrx_word' id='word_1_132' title='bbox 1090 1990 1143 2055; x_wconf 84' lang='lat' dir='ltr'>Ex</span> <span class='ocrx_word' id='word_1_133' title='bbox 1159 2014 1232 2057; x_wconf 84' lang='lat' dir='ltr'>ora-</span> <span class='ocrx_word' id='word_1_134' title='bbox 1246 2003 1278 2048; x_wconf 74' lang='lat'>⁸⁹</span> 
     </span>
     <span class='ocr_line' id='line_1_18' title="bbox 105 2085 1233 2174; baseline 0.001 -18"><span class='ocrx_word' id='word_1_135' title='bbox 105 2091 180 2157; x_wconf 90' lang='lat' dir='ltr'>culo</span> <span class='ocrx_word' id='word_1_136' title='bbox 202 2090 340 2167; x_wconf 88' lang='lat' dir='ltr'>scilicet,</span> <span class='ocrx_word' id='word_1_137' title='bbox 368 2089 461 2153; x_wconf 90' lang='lat' dir='ltr'>malis</span> <span class='ocrx_word' id='word_1_138' title='bbox 482 2087 586 2154; x_wconf 89' lang='lat' dir='ltr'>bonis.</span> <span class='ocrx_word' id='word_1_139' title='bbox 621 2085 689 2152; x_wconf 90' lang='lat' dir='ltr'>Sed</span> <span class='ocrx_word' id='word_1_140' title='bbox 718 2087 849 2153; x_wconf 84' lang='lat' dir='ltr'>defendi</span> <span class='ocrx_word' id='word_1_141' title='bbox 877 2110 1012 2174; x_wconf 90' lang='lat' dir='ltr'>aequom</span> <span class='ocrx_word' id='word_1_142' title='bbox 1042 2102 1091 2155; x_wconf 88' lang='lat' dir='ltr'>est</span> <span class='ocrx_word' id='word_1_143' title='bbox 1113 2092 1233 2157; x_wconf 88' lang='lat' dir='ltr'>abavos</span> 
     </span>
     <span class='ocr_line' id='line_1_19' title="bbox 106 2189 1233 2277; baseline 0 -21"><span class='ocrx_word' id='word_1_144' title='bbox 106 2192 164 2276; x_wconf 92' lang='lat' dir='ltr'>qui</span> <span class='ocrx_word' id='word_1_145' title='bbox 185 2191 366 2277; x_wconf 89' lang='lat' dir='ltr'>praeceptis</span> <span class='ocrx_word' id='word_1_146' title='bbox 388 2191 455 2255; x_wconf 89' lang='lat' dir='ltr'>suis</span> <span class='ocrx_word' id='word_1_147' title='bbox 476 2213 672 2276; x_wconf 86' lang='lat' dir='ltr'>prospexere</span> <span class='ocrx_word' id='word_1_148' title='bbox 694 2189 779 2254; x_wconf 89' lang='lat' dir='ltr'>vitae</span> <span class='ocrx_word' id='word_1_149' title='bbox 786 2214 795 2266; x_wconf 84' lang='lat'>3</span> <span class='ocrx_word' id='word_1_150' title='bbox 823 2213 961 2275; x_wconf 91' lang='lat' dir='ltr'>namque</span> <span class='ocrx_word' id='word_1_151' title='bbox 990 2214 1063 2256; x_wconf 90' lang='lat' dir='ltr'>cum</span> <span class='ocrx_word' id='word_1_152' title='bbox 1090 2192 1233 2258; x_wconf 87' lang='lat' dir='ltr'>dicerent</span> 
     </span>
     <span class='ocr_line' id='line_1_20' title="bbox 104 2286 1232 2380; baseline 0.002 -23"><span class='ocrx_word' id='word_1_153' title='bbox 104 2286 215 2371; x_wconf 83' lang='lat' dir='ltr'>malis,</span> <span class='ocrx_word' id='word_1_154' title='bbox 241 2293 429 2380; x_wconf 84' lang='lat' dir='ltr'>intellegere</span> <span class='ocrx_word' id='word_1_155' title='bbox 450 2292 579 2357; x_wconf 88' lang='lat' dir='ltr'>voluere</span> <span class='ocrx_word' id='word_1_156' title='bbox 600 2291 784 2356; x_wconf 88' lang='lat' dir='ltr'>vilissimos.</span> <span class='ocrx_word' id='word_1_157' title='bbox 819 2288 989 2357; x_wconf 87' lang='lat' dir='ltr'>Summum</span> <span class='ocrx_word' id='word_1_158' title='bbox 1009 2293 1232 2378; x_wconf 87' lang='lat' dir='ltr'>providentiae</span> 
     </span>
    </p>
   </div>
   <div class='ocr_carea' id='block_1_4' title="bbox 103 2390 1276 3089">
    <p class='ocr_par' dir='ltr' id='par_1_4' title="bbox 103 2390 1276 3089">
     <span class='ocr_line' id='line_1_21' title="bbox 103 2390 1232 2478; baseline -0.003 -19"><span class='ocrx_word' id='word_1_159' title='bbox 103 2395 233 2460; x_wconf 91' lang='lat' dir='ltr'>illorum</span> <span class='ocrx_word' id='word_1_160' title='bbox 253 2394 316 2458; x_wconf 82' lang='lat' dir='ltr'>fuit</span> <span class='ocrx_word' id='word_1_161' title='bbox 336 2405 373 2458; x_wconf 92' lang='lat' dir='ltr'>ut</span> <span class='ocrx_word' id='word_1_162' title='bbox 394 2415 490 2477; x_wconf 92' lang='lat' dir='ltr'>quam</span> <span class='ocrx_word' id='word_1_163' title='bbox 511 2393 689 2457; x_wconf 91' lang='lat' dir='ltr'>minumum</span> <span class='ocrx_word' id='word_1_164' title='bbox 710 2401 796 2456; x_wconf 84' lang='lat' dir='ltr'>esset</span> <span class='ocrx_word' id='word_1_165' title='bbox 816 2390 967 2478; x_wconf 84' lang='lat' dir='ltr'>inpen&#39;di3</span> <span class='ocrx_word' id='word_1_166' title='bbox 989 2392 1232 2478; x_wconf 87' lang='lat' dir='ltr'>praecipiebant</span> 
     </span>
     <span class='ocr_line' id='line_1_22' title="bbox 106 2493 1230 2580; baseline -0.011 -19"><span class='ocrx_word' id='word_1_167' title='bbox 106 2495 195 2561; x_wconf 89' lang='lat' dir='ltr'>enim</span> <span class='ocrx_word' id='word_1_168' title='bbox 215 2494 278 2559; x_wconf 91' lang='lat' dir='ltr'>ista</span> <span class='ocrx_word' id='word_1_169' title='bbox 302 2494 359 2578; x_wconf 92' lang='lat' dir='ltr'>qui</span> <span class='ocrx_word' id='word_1_170' title='bbox 387 2493 597 2577; x_wconf 89' lang='lat' dir='ltr'>triumphales</span> <span class='ocrx_word' id='word_1_171' title='bbox 619 2493 719 2557; x_wconf 85' lang='lat' dir='ltr'>denas</span> <span class='ocrx_word' id='word_1_172' title='bbox 751 2494 877 2578; x_wconf 88' lang='lat' dir='ltr'>argenti</span> <span class='ocrx_word' id='word_1_173' title='bbox 904 2493 1003 2558; x_wconf 89' lang='lat' dir='ltr'>libras</span> <span class='ocrx_word' id='word_1_174' title='bbox 1029 2494 1063 2558; x_wconf 93' lang='lat' dir='ltr'>in</span> <span class='ocrx_word' id='word_1_175' title='bbox 1091 2495 1230 2580; x_wconf 52' lang='lat' dir='ltr'>sufficitq-</span> 
     </span>
     <span class='ocr_line' id='line_1_23' title="bbox 105 2593 1231 2678; baseline 0 -18"><span class='ocrx_word' id='word_1_176' title='bbox 105 2597 184 2673; x_wconf 78' lang='lat' dir='ltr'>cfile</span> <span class='ocrx_word' id='word_1_177' title='bbox 204 2595 328 2660; x_wconf 89' lang='lat' dir='ltr'>crimini</span> <span class='ocrx_word' id='word_1_178' title='bbox 355 2595 490 2672; x_wconf 88' lang='lat' dir='ltr'>dabant,</span> <span class='ocrx_word' id='word_1_179' title='bbox 523 2594 579 2678; x_wconf 92' lang='lat' dir='ltr'>qui</span> <span class='ocrx_word' id='word_1_180' title='bbox 599 2602 726 2658; x_wconf 91' lang='lat' dir='ltr'>mortuo</span> <span class='ocrx_word' id='word_1_181' title='bbox 752 2593 846 2657; x_wconf 85' lang='lat' dir='ltr'>vilico</span> <span class='ocrx_word' id='word_1_182' title='bbox 872 2594 1052 2677; x_wconf 86' lang='lat' dir='ltr'>relinquere</span> <span class='ocrx_word' id='word_1_183' title='bbox 1080 2594 1231 2660; x_wconf 84' lang='lat' dir='ltr'>victorias</span> 
     </span>
     <span class='ocr_line' id='line_1_24' title="bbox 106 2692 1231 2780; baseline -0.004 -17"><span class='ocrx_word' id='word_1_184' title='bbox 106 2708 139 2763; x_wconf 89' lang='lat' dir='ltr'>et</span> <span class='ocrx_word' id='word_1_185' title='bbox 158 2696 278 2762; x_wconf 77' lang='lat' dir='ltr'>reverti</span> <span class='ocrx_word' id='word_1_186' title='bbox 298 2697 331 2760; x_wconf 88' lang='lat' dir='ltr'>in</span> <span class='ocrx_word' id='word_1_187' title='bbox 352 2718 429 2760; x_wconf 89' lang='lat' dir='ltr'>rura</span> <span class='ocrx_word' id='word_1_188' title='bbox 450 2717 509 2759; x_wconf 91' lang='lat' dir='ltr'>sua</span> <span class='ocrx_word' id='word_1_189' title='bbox 529 2692 754 2780; x_wconf 88' lang='lat' dir='ltr'>postulabant,</span> <span class='ocrx_word' id='word_1_190' title='bbox 787 2714 925 2775; x_wconf 92' lang='lat' dir='ltr'>quorum</span> <span class='ocrx_word' id='word_1_191' title='bbox 944 2692 1076 2756; x_wconf 87' lang='lat' dir='ltr'>heredia</span> <span class='ocrx_word' id='word_1_192' title='bbox 1097 2693 1231 2758; x_wconf 85' lang='lat' dir='ltr'>colenda</span> 
     </span>
     <span class='ocr_line' id='line_1_25' title="bbox 107 2791 1230 2883; baseline -0.004 -20"><span class='ocrx_word' id='word_1_193' title='bbox 107 2796 304 2883; x_wconf 83' lang='lat' dir='ltr'>suscipiebat</span> <span class='ocrx_word' id='word_1_194' title='bbox 328 2819 381 2861; x_wconf 88' lang='lat' dir='ltr'>res</span> <span class='ocrx_word' id='word_1_195' title='bbox 409 2796 554 2883; x_wconf 90' lang='lat' dir='ltr'>publica,</span> <span class='ocrx_word' id='word_1_196' title='bbox 587 2793 811 2876; x_wconf 79' lang='lat' dir='ltr'>exercitusque</span> <span class='ocrx_word' id='word_1_197' title='bbox 838 2792 1001 2858; x_wconf 89' lang='lat' dir='ltr'>ducebant</span> <span class='ocrx_word' id='word_1_198' title='bbox 1028 2803 1142 2881; x_wconf 64' lang='lat' dir='ltr'>sppptu</span> <span class='ocrx_word' id='word_1_199' title='bbox 1168 2791 1230 2858; x_wconf 88' lang='lat' dir='ltr'>illis</span> 
     </span>
     <span class='ocr_line' id='line_1_26' title="bbox 107 2892 1276 2981; baseline -0.009 -16"><span class='ocrx_word' id='word_1_200' title='bbox 107 2899 269 2964; x_wconf 82' lang='lat' dir='ltr'>rilioante.</span> <span class='ocrx_word' id='word_1_201' title='bbox 304 2897 387 2962; x_wconf 90' lang='lat' dir='ltr'>Inde</span> <span class='ocrx_word' id='word_1_202' title='bbox 414 2897 469 2961; x_wconf 89' lang='lat' dir='ltr'>illa</span> <span class='ocrx_word' id='word_1_203' title='bbox 496 2896 620 2981; x_wconf 90' lang='lat' dir='ltr'>reliqua</span> <span class='ocrx_word' id='word_1_204' title='bbox 649 2917 689 2959; x_wconf 90' lang='lat' dir='ltr'>ex</span> <span class='ocrx_word' id='word_1_205' title='bbox 716 2894 863 2959; x_wconf 86' lang='lat' dir='ltr'>oraculo:</span> <span class='ocrx_word' id='word_1_206' title='bbox 896 2916 1036 2978; x_wconf 89' lang='lat' dir='ltr'>nequam</span> <span class='ocrx_word' id='word_1_207' title='bbox 1057 2892 1230 2979; x_wconf 84' lang='lat' dir='ltr'>agricolam</span> <span class='ocrx_word' id='word_1_208' title='bbox 1243 2905 1276 2955; x_wconf 81' lang='grc' dir='ltr'>4ο</span> 
     </span>
     <span class='ocr_line' id='line_1_27' title="bbox 108 2994 1230 3089; baseline -0.006 -24"><span class='ocrx_word' id='word_1_209' title='bbox 108 3022 190 3078; x_wconf 88' lang='lat' dir='ltr'>esse,</span> <span class='ocrx_word' id='word_1_210' title='bbox 213 2998 360 3089; x_wconf 86' lang='lat' dir='ltr'>quisquis</span> <span class='ocrx_word' id='word_1_211' title='bbox 381 3009 499 3064; x_wconf 89' lang='lat' dir='ltr'>emeret</span> <span class='ocrx_word' id='word_1_212' title='bbox 513 2998 599 3087; x_wconf 91' lang='lat' dir='ltr'>quod</span> <span class='ocrx_word' id='word_1_213' title='bbox 613 3005 778 3088; x_wconf 86' lang='lat' dir='ltr'>praestare</span> <span class='ocrx_word' id='word_1_214' title='bbox 793 2995 823 3060; x_wconf 89' lang='lat' dir='ltr'>ei</span> <span class='ocrx_word' id='word_1_215' title='bbox 836 2994 956 3059; x_wconf 85' lang='lat' dir='ltr'>fundus</span> <span class='ocrx_word' id='word_1_216' title='bbox 969 3004 1089 3078; x_wconf 88' lang='lat' dir='ltr'>posset,</span> <span class='ocrx_word' id='word_1_217' title='bbox 1110 2994 1230 3058; x_wconf 83' lang='lat' dir='ltr'>malum</span> 
     </span>
    </p>
   </div>
   <div class='ocr_carea' id='block_1_5' title="bbox 106 3197 1229 3687">
    <p class='ocr_par' dir='ltr' id='par_1_5' title="bbox 106 3197 1229 3332">
     <span class='ocr_line' id='line_1_28' title="bbox 106 3197 1229 3269; baseline -0.005 -15"><span class='ocrx_word' id='word_1_218' title='bbox 106 3205 275 3269; x_wconf 60' lang='lat' dir='ltr'>potuissem.</span> <span class='ocrx_word' id='word_1_219' title='bbox 294 3245 321 3254; x_wconf 77' lang='grc'>-</span> <span class='ocrx_word' id='word_1_220' title='bbox 352 3202 494 3263; x_wconf 70' lang='lat' dir='ltr'>incredibile,</span> <span class='ocrx_word' id='word_1_221' title='bbox 507 3207 531 3253; x_wconf 90' lang='lat' dir='ltr'>d.</span> <span class='ocrx_word' id='word_1_222' title='bbox 558 3199 738 3262; x_wconf 80' lang='lat' dir='ltr'>lna-adibilenl,</span> <span class='ocrx_word' id='word_1_223' title='bbox 755 3200 787 3248; x_wconf 85' lang='lat' dir='ltr'>T.</span> <span class='ocrx_word' id='word_1_224' title='bbox 814 3197 978 3262; x_wconf 79' lang='lat' dir='ltr'>incredibilem,</span> <span class='ocrx_word' id='word_1_225' title='bbox 991 3215 1013 3249; x_wconf 83' lang='lat' dir='ltr'>a</span> <span class='ocrx_word' id='word_1_226' title='bbox 1034 3241 1064 3250; x_wconf 80' lang='grc'>-</span> <span class='ocrx_word' id='word_1_227' title='bbox 1086 3199 1229 3263; x_wconf 72' lang='lat' dir='ltr'>aestimatur,</span> 
     </span>
     <span class='ocr_line' id='line_1_29' title="bbox 113 3265 391 3332; baseline 0 -13"><span class='ocrx_word' id='word_1_228' title='bbox 113 3265 179 3324; x_wconf 75' lang='lat' dir='ltr'>Oad.</span> <span class='ocrx_word' id='word_1_229' title='bbox 198 3272 350 3332; x_wconf 75' lang='lat' dir='ltr'>existimatur,</span> <span class='ocrx_word' id='word_1_230' title='bbox 362 3267 391 3331; x_wconf 82' lang='grc' dir='ltr'>β.</span> 
     </span>
    </p>

    <p class='ocr_par' dir='ltr' id='par_1_6' title="bbox 110 3349 1229 3687">
     <span class='ocr_line' id='line_1_30' title="bbox 141 3349 1229 3421; baseline -0.006 -13"><span class='ocrx_word' id='word_1_231' title='bbox 141 3360 207 3421; x_wconf 74' lang='lat' dir='ltr'>§aa</span> <span class='ocrx_word' id='word_1_232' title='bbox 231 3356 323 3417; x_wconf 84' lang='lat' dir='ltr'>Tatius,</span> <span class='ocrx_word' id='word_1_233' title='bbox 335 3357 368 3405; x_wconf 87' lang='lat' dir='ltr'>K.</span> <span class='ocrx_word' id='word_1_234' title='bbox 388 3396 419 3404; x_wconf 85' lang='grc'>,-</span> <span class='ocrx_word' id='word_1_235' title='bbox 442 3354 473 3401; x_wconf 88' lang='lat' dir='ltr'>ab</span> <span class='ocrx_word' id='word_1_236' title='bbox 485 3351 575 3413; x_wconf 78' lang='lat' dir='ltr'>infima,</span> <span class='ocrx_word' id='word_1_237' title='bbox 588 3353 640 3402; x_wconf 73' lang='grc' dir='ltr'>Τὰ.</span> <span class='ocrx_word' id='word_1_238' title='bbox 660 3393 689 3401; x_wconf 76' lang='grc'>-</span> <span class='ocrx_word' id='word_1_239' title='bbox 709 3350 819 3412; x_wconf 80' lang='lat' dir='ltr'>militare,</span> <span class='ocrx_word' id='word_1_240' title='bbox 832 3366 854 3400; x_wconf 81' lang='lat' dir='ltr'>a</span> <span class='ocrx_word' id='word_1_241' title='bbox 873 3392 905 3401; x_wconf 90' lang='lat'>..</span> <span class='ocrx_word' id='word_1_242' title='bbox 923 3349 998 3400; x_wconf 75' lang='lat' dir='ltr'>milies</span> <span class='ocrx_word' id='word_1_243' title='bbox 1010 3350 1073 3413; x_wconf 75' lang='lat' dir='ltr'>HS,</span> <span class='ocrx_word' id='word_1_244' title='bbox 1086 3352 1110 3400; x_wconf 88' lang='lat' dir='ltr'>d.</span> <span class='ocrx_word' id='word_1_245' title='bbox 1128 3351 1152 3400; x_wconf 83' lang='lat' dir='ltr'>r&#39;n</span> <span class='ocrx_word' id='word_1_246' title='bbox 1165 3349 1194 3413; x_wconf 87' lang='lat' dir='ltr'>(i.</span> <span class='ocrx_word' id='word_1_247' title='bbox 1207 3366 1229 3401; x_wconf 87' lang='lat' dir='ltr'>e.</span> 
     </span>
     <span class='ocr_line' id='line_1_31' title="bbox 110 3418 1229 3486; baseline -0.004 -15"><span class='ocrx_word' id='word_1_248' title='bbox 110 3421 166 3486; x_wconf 75' lang='grc' dir='ltr'>ΠΙ),</span> <span class='ocrx_word' id='word_1_249' title='bbox 179 3442 202 3474; x_wconf 84' lang='lat' dir='ltr'>a.</span> <span class='ocrx_word' id='word_1_250' title='bbox 227 3422 292 3472; x_wconf 81' lang='lat' dir='ltr'>crille</span> <span class='ocrx_word' id='word_1_251' title='bbox 303 3422 385 3471; x_wconf 84' lang='lat' dir='ltr'>siclum</span> <span class='ocrx_word' id='word_1_252' title='bbox 398 3423 438 3470; x_wconf 91' lang='lat' dir='ltr'>vel</span> <span class='ocrx_word' id='word_1_253' title='bbox 450 3419 588 3479; x_wconf 64' lang='lat' dir='ltr'>resarciam,</span> <span class='ocrx_word' id='word_1_254' title='bbox 600 3420 705 3469; x_wconf 85' lang='lat' dir='ltr'>Barbar.</span> <span class='ocrx_word' id='word_1_255' title='bbox 725 3461 757 3469; x_wconf 87' lang='lat'>..</span> <span class='ocrx_word' id='word_1_256' title='bbox 779 3418 980 3480; x_wconf 83' lang='lat' dir='ltr'>detractationem,</span> <span class='ocrx_word' id='word_1_257' title='bbox 991 3422 1031 3469; x_wconf 88' lang='lat' dir='ltr'>a².</span> <span class='ocrx_word' id='word_1_258' title='bbox 1055 3419 1229 3480; x_wconf 83' lang='lat' dir='ltr'>detractionem,</span> 
     </span>
     <span class='ocr_line' id='line_1_32' title="bbox 110 3484 1228 3554; baseline -0.004 -15"><span class='ocrx_word' id='word_1_259' title='bbox 110 3495 143 3541; x_wconf 75' lang='lat' dir='ltr'>at</span> <span class='ocrx_word' id='word_1_260' title='bbox 160 3491 357 3549; x_wconf 82' lang='lat' dir='ltr'>detrectationem,</span> <span class='ocrx_word' id='word_1_261' title='bbox 371 3484 445 3554; x_wconf 71' lang='grc' dir='ltr'>(ἱβγ.</span> <span class='ocrx_word' id='word_1_262' title='bbox 454 3529 485 3536; x_wconf 79' lang='lat'><em>-</em></span> <span class='ocrx_word' id='word_1_263' title='bbox 505 3485 606 3548; x_wconf 73' lang='lat' dir='ltr'>exaurit,</span> <span class='ocrx_word' id='word_1_264' title='bbox 619 3503 641 3537; x_wconf 87' lang='lat' dir='ltr'>a.</span> <span class='ocrx_word' id='word_1_265' title='bbox 654 3528 685 3537; x_wconf 87' lang='lat'>..</span> <span class='ocrx_word' id='word_1_266' title='bbox 704 3484 814 3549; x_wconf 72' lang='lat' dir='ltr'>Picano,</span> <span class='ocrx_word' id='word_1_267' title='bbox 826 3503 848 3535; x_wconf 85' lang='lat' dir='ltr'>a.</span> <span class='ocrx_word' id='word_1_268' title='bbox 862 3528 893 3536; x_wconf 89' lang='lat'>..</span> <span class='ocrx_word' id='word_1_269' title='bbox 911 3484 943 3534; x_wconf 89' lang='lat' dir='ltr'>In</span> <span class='ocrx_word' id='word_1_270' title='bbox 953 3485 1033 3550; x_wconf 79' lang='lat' dir='ltr'>pluria</span> <span class='ocrx_word' id='word_1_271' title='bbox 1044 3486 1228 3547; x_wconf 68' lang='lat' dir='ltr'>armanum,</span> 
     </span>
     <span class='ocr_line' id='line_1_33' title="bbox 110 3550 1227 3616; baseline -0.006 -6"><span class='ocrx_word' id='word_1_272' title='bbox 110 3559 185 3610; x_wconf 77' lang='lat' dir='ltr'>flac.</span> <span class='ocrx_word' id='word_1_273' title='bbox 205 3554 240 3608; x_wconf 64' lang='grc' dir='ltr'>,ζ</span> <span class='ocrx_word' id='word_1_274' title='bbox 255 3556 379 3616; x_wconf 86' lang='lat' dir='ltr'>Hercules,</span> <span class='ocrx_word' id='word_1_275' title='bbox 392 3556 464 3607; x_wconf 85' lang='lat' dir='ltr'>Tad.</span> <span class='ocrx_word' id='word_1_276' title='bbox 487 3553 599 3615; x_wconf 83' lang='lat' dir='ltr'>Hercule,</span> <span class='ocrx_word' id='word_1_277' title='bbox 610 3550 640 3615; x_wconf 80' lang='grc' dir='ltr'>β.</span> <span class='ocrx_word' id='word_1_278' title='bbox 660 3596 686 3603; x_wconf 87' lang='grc'>..</span> <span class='ocrx_word' id='word_1_279' title='bbox 714 3553 815 3614; x_wconf 86' lang='lat' dir='ltr'>modum,</span> <span class='ocrx_word' id='word_1_280' title='bbox 827 3555 879 3605; x_wconf 87' lang='lat' dir='ltr'>Td.</span> <span class='ocrx_word' id='word_1_281' title='bbox 900 3553 979 3614; x_wconf 87' lang='lat' dir='ltr'>modu,</span> <span class='ocrx_word' id='word_1_282' title='bbox 990 3557 1031 3604; x_wconf 84' lang='lat' dir='ltr'>a².</span> <span class='ocrx_word' id='word_1_283' title='bbox 1054 3551 1128 3612; x_wconf 82' lang='lat' dir='ltr'>modo,</span> <span class='ocrx_word' id='word_1_284' title='bbox 1140 3556 1177 3602; x_wconf 68' lang='lat' dir='ltr'>at</span> <span class='ocrx_word' id='word_1_285' title='bbox 1195 3593 1227 3603; x_wconf 81' lang='lat'>..</span> 
     </span>
     <span class='ocr_line' id='line_1_34' title="bbox 112 3618 810 3687; baseline -0.01 -11"><span class='ocrx_word' id='word_1_286' title='bbox 112 3625 214 3687; x_wconf 72' lang='lat' dir='ltr'>iudicem,</span> <span class='ocrx_word' id='word_1_287' title='bbox 231 3621 332 3676; x_wconf 72' lang='grc' dir='ltr'><strong><em>θΤαᾱ.</em></strong></span> <span class='ocrx_word' id='word_1_288' title='bbox 350 3622 435 3684; x_wconf 83' lang='lat' dir='ltr'>iudico,</span> <span class='ocrx_word' id='word_1_289' title='bbox 448 3618 476 3684; x_wconf 75' lang='grc' dir='ltr'>β.</span> <span class='ocrx_word' id='word_1_290' title='bbox 496 3663 526 3671; x_wconf 88' lang='grc'>..</span> <span class='ocrx_word' id='word_1_291' title='bbox 547 3621 647 3671; x_wconf 79' lang='lat' dir='ltr'>omniurn</span> <span class='ocrx_word' id='word_1_292' title='bbox 659 3638 745 3682; x_wconf 80' lang='lat' dir='ltr'>rerum,</span> <span class='ocrx_word' id='word_1_293' title='bbox 757 3622 810 3672; x_wconf 87' lang='lat' dir='ltr'>Td.</span> 
     </span>
    </p>
   </div>
   <div class='ocr_carea' id='block_1_6' title="bbox 79 3698 1227 3839">
    <p class='ocr_par' dir='ltr' id='par_1_7' title="bbox 79 3698 1227 3839">
     <span class='ocr_line' id='line_1_35' title="bbox 141 3698 1227 3772; baseline -0.009 -10"><span class='ocrx_word' id='word_1_294' title='bbox 141 3710 209 3772; x_wconf 68' lang='grc'><strong>538.</strong></span> <span class='ocrx_word' id='word_1_295' title='bbox 227 3726 278 3768; x_wconf 82' lang='lat' dir='ltr'>suo,</span> <span class='ocrx_word' id='word_1_296' title='bbox 294 3702 392 3758; x_wconf 74' lang='lat' dir='ltr'>OTad.</span> <span class='ocrx_word' id='word_1_297' title='bbox 410 3724 462 3767; x_wconf 82' lang='lat' dir='ltr'>rua,</span> <span class='ocrx_word' id='word_1_298' title='bbox 474 3708 579 3758; x_wconf 85' lang='lat' dir='ltr'>Barbar.</span> <span class='ocrx_word' id='word_1_299' title='bbox 591 3702 620 3768; x_wconf 83' lang='grc' dir='ltr'>β.</span> <span class='ocrx_word' id='word_1_300' title='bbox 634 3747 664 3756; x_wconf 76' lang='grc'>-</span> <span class='ocrx_word' id='word_1_301' title='bbox 683 3704 763 3756; x_wconf 81' lang='lat' dir='ltr'>colorw</span> <span class='ocrx_word' id='word_1_302' title='bbox 775 3713 824 3766; x_wconf 87' lang='lat' dir='ltr'>aut,</span> <span class='ocrx_word' id='word_1_303' title='bbox 841 3698 938 3756; x_wconf 70' lang='lat' dir='ltr'>(trad.</span> <span class='ocrx_word' id='word_1_304' title='bbox 957 3699 1227 3765; x_wconf 72' lang='lat' dir='ltr'>calonoue,Barbar.13</span> 
     </span>
     <span class='ocr_line' id='line_1_36' title="bbox 79 3770 479 3839; baseline -0.015 -10"><span class='ocrx_word' id='word_1_305' title='bbox 79 3774 83 3778; x_wconf 48' lang='grc'>’</span> <span class='ocrx_word' id='word_1_306' title='bbox 113 3817 141 3829; x_wconf 90' lang='lat'>..</span> <span class='ocrx_word' id='word_1_307' title='bbox 155 3778 253 3839; x_wconf 88' lang='lat' dir='ltr'>colente,</span> <span class='ocrx_word' id='word_1_308' title='bbox 269 3770 368 3827; x_wconf 68' lang='lat' dir='ltr'>draci.</span> <span class='ocrx_word' id='word_1_309' title='bbox 381 3777 438 3827; x_wconf 92' lang='lat' dir='ltr'>Om.</span> <span class='ocrx_word' id='word_1_310' title='bbox 450 3770 479 3836; x_wconf 77' lang='grc' dir='ltr'>β.</span> 
     </span>
    </p>
   </div>
   <div class='ocr_carea' id='block_1_7' title="bbox 111 3853 1328 4193">
    <p class='ocr_par' dir='ltr' id='par_1_8' title="bbox 111 3853 1328 4193">
     <span class='ocr_line' id='line_1_37' title="bbox 142 3853 1230 3923; baseline -0.01 -11"><span class='ocrx_word' id='word_1_311' title='bbox 142 3861 209 3923; x_wconf 67' lang='lat'><strong>539.</strong></span> <span class='ocrx_word' id='word_1_312' title='bbox 229 3860 342 3920; x_wconf 86' lang='lat' dir='ltr'>coluntur,</span> <span class='ocrx_word' id='word_1_313' title='bbox 354 3863 398 3910; x_wconf 89' lang='lat' dir='ltr'>ad.</span> <span class='ocrx_word' id='word_1_314' title='bbox 420 3857 529 3920; x_wconf 83' lang='lat' dir='ltr'>colentur,</span> <span class='ocrx_word' id='word_1_315' title='bbox 542 3854 571 3920; x_wconf 82' lang='grc' dir='ltr'>β.</span> <span class='ocrx_word' id='word_1_316' title='bbox 591 3899 620 3907; x_wconf 72' lang='grc'>-</span> <span class='ocrx_word' id='word_1_317' title='bbox 640 3854 788 3922; x_wconf 83' lang='lat' dir='ltr'>defendendi,</span> <span class='ocrx_word' id='word_1_318' title='bbox 802 3857 826 3904; x_wconf 92' lang='lat' dir='ltr'>d.</span> <span class='ocrx_word' id='word_1_319' title='bbox 844 3895 876 3903; x_wconf 87' lang='lat'>..</span> <span class='ocrx_word' id='word_1_320' title='bbox 895 3853 985 3915; x_wconf 74' lang='lat' dir='ltr'>abacia,</span> <span class='ocrx_word' id='word_1_321' title='bbox 997 3869 1020 3905; x_wconf 86' lang='lat' dir='ltr'>a.</span> <span class='ocrx_word' id='word_1_322' title='bbox 1040 3896 1070 3903; x_wconf 88' lang='lat'>..</span> <span class='ocrx_word' id='word_1_323' title='bbox 1086 3869 1230 3918; x_wconf 71' lang='lat' dir='ltr'>prospexere</span> 
     </span>
     <span class='ocr_line' id='line_1_38' title="bbox 111 3919 1328 3991; baseline -0.007 -13"><span class='ocrx_word' id='word_1_324' title='bbox 111 3929 240 3991; x_wconf 76' lang='lat' dir='ltr'>praeceptis</span> <span class='ocrx_word' id='word_1_325' title='bbox 251 3929 306 3989; x_wconf 75' lang='lat' dir='ltr'>suis,</span> <span class='ocrx_word' id='word_1_326' title='bbox 324 3931 348 3977; x_wconf 89' lang='lat' dir='ltr'>d.</span> <span class='ocrx_word' id='word_1_327' title='bbox 366 3969 397 3980; x_wconf 31' lang='lat' dir='ltr'>q</span> <span class='ocrx_word' id='word_1_328' title='bbox 422 3942 529 3989; x_wconf 87' lang='lat' dir='ltr'>namque,</span> <span class='ocrx_word' id='word_1_329' title='bbox 545 3919 644 3975; x_wconf 70' lang='lat' dir='ltr'>Grac.</span> <span class='ocrx_word' id='word_1_330' title='bbox 668 3923 742 3983; x_wconf 89' lang='lat' dir='ltr'>Nam,</span> <span class='ocrx_word' id='word_1_331' title='bbox 758 3919 789 3985; x_wconf 81' lang='grc' dir='ltr'>β.</span> <span class='ocrx_word' id='word_1_332' title='bbox 811 3921 875 3982; x_wconf 83' lang='lat' dir='ltr'>Nec,</span> <span class='ocrx_word' id='word_1_333' title='bbox 894 3921 997 3973; x_wconf 84' lang='lat' dir='ltr'>Gesner.</span> <span class='ocrx_word' id='word_1_334' title='bbox 1010 3924 1146 3972; x_wconf 85' lang='lat' dir='ltr'>chrestum.</span> <span class='ocrx_word' id='word_1_335' title='bbox 1159 3923 1228 3971; x_wconf 86' lang='lat' dir='ltr'>Ptin.</span> <span class='ocrx_word' id='word_1_336' title='bbox 1323 3928 1328 3939; x_wconf 81' lang='grc'><strong>’</strong></span> 
     </span>
     <span class='ocr_line' id='line_1_39' title="bbox 113 3986 1228 4058; baseline -0.012 -10"><span class='ocrx_word' id='word_1_337' title='bbox 113 4004 203 4058; x_wconf 71' lang='grc' dir='ltr'>Μθ5.</span> <span class='ocrx_word' id='word_1_338' title='bbox 223 4038 254 4045; x_wconf 87' lang='grc'>..</span> <span class='ocrx_word' id='word_1_339' title='bbox 273 3993 531 4058; x_wconf 84' lang='lat' dir='ltr'>Summaprudentiae,</span> <span class='ocrx_word' id='word_1_340' title='bbox 543 3993 609 4043; x_wconf 74' lang='lat' dir='ltr'>Pina</span> <span class='ocrx_word' id='word_1_341' title='bbox 628 4033 659 4041; x_wconf 90' lang='lat'>..</span> <span class='ocrx_word' id='word_1_342' title='bbox 679 4006 734 4050; x_wconf 76' lang='lat' dir='ltr'>erre,</span> <span class='ocrx_word' id='word_1_343' title='bbox 747 4007 770 4040; x_wconf 88' lang='lat' dir='ltr'>a.</span> <span class='ocrx_word' id='word_1_344' title='bbox 790 4031 820 4039; x_wconf 88' lang='lat'>..</span> <span class='ocrx_word' id='word_1_345' title='bbox 841 3988 1000 4054; x_wconf 75' lang='lat' dir='ltr'>triumphales,</span> <span class='ocrx_word' id='word_1_346' title='bbox 1013 3992 1058 4039; x_wconf 91' lang='lat' dir='ltr'>ad.</span> <span class='ocrx_word' id='word_1_347' title='bbox 1083 3986 1228 4052; x_wconf 77' lang='lat' dir='ltr'>triumphali,</span> 
     </span>
     <span class='ocr_line' id='line_1_40' title="bbox 112 4053 1228 4124; baseline -0.006 -11"><span class='ocrx_word' id='word_1_348' title='bbox 112 4056 138 4122; x_wconf 73' lang='grc' dir='ltr'>β.</span> <span class='ocrx_word' id='word_1_349' title='bbox 153 4107 185 4115; x_wconf 83' lang='grc'>..</span> <span class='ocrx_word' id='word_1_350' title='bbox 210 4079 270 4112; x_wconf 88' lang='lat' dir='ltr'>rura</span> <span class='ocrx_word' id='word_1_351' title='bbox 281 4079 332 4124; x_wconf 84' lang='lat' dir='ltr'>rua,</span> <span class='ocrx_word' id='word_1_352' title='bbox 345 4065 389 4112; x_wconf 87' lang='lat' dir='ltr'>ad.</span> <span class='ocrx_word' id='word_1_353' title='bbox 412 4079 457 4111; x_wconf 81' lang='lat' dir='ltr'>cua</span> <span class='ocrx_word' id='word_1_354' title='bbox 468 4077 535 4121; x_wconf 84' lang='lat' dir='ltr'>rura,</span> <span class='ocrx_word' id='word_1_355' title='bbox 552 4056 603 4123; x_wconf 76' lang='grc' dir='ltr'>βγ.</span> <span class='ocrx_word' id='word_1_356' title='bbox 623 4100 654 4108; x_wconf 92' lang='grc'>..</span> <span class='ocrx_word' id='word_1_357' title='bbox 678 4056 783 4119; x_wconf 76' lang='lat' dir='ltr'>heredia,</span> <span class='ocrx_word' id='word_1_358' title='bbox 797 4058 841 4108; x_wconf 71' lang='grc' dir='ltr'>Τὰ</span> <span class='ocrx_word' id='word_1_359' title='bbox 858 4054 944 4119; x_wconf 87' lang='lat' dir='ltr'>(codd.</span> <span class='ocrx_word' id='word_1_360' title='bbox 958 4059 1037 4107; x_wconf 67' lang='lat' dir='ltr'>turn.</span> <span class='ocrx_word' id='word_1_361' title='bbox 1049 4058 1105 4106; x_wconf 81' lang='lat' dir='ltr'>adr.</span> <span class='ocrx_word' id='word_1_362' title='bbox 1119 4062 1159 4116; x_wconf 83' lang='lat'>80,</span> <span class='ocrx_word' id='word_1_363' title='bbox 1175 4053 1228 4117; x_wconf 87' lang='lat'>18.)</span> 
     </span>
     <span class='ocr_line' id='line_1_41' title="bbox 113 4123 1024 4193; baseline -0.009 -14"><span class='ocrx_word' id='word_1_364' title='bbox 113 4127 227 4191; x_wconf 72' lang='lat' dir='ltr'>tamdia,</span> <span class='ocrx_word' id='word_1_365' title='bbox 244 4123 291 4180; x_wconf 72' lang='lat' dir='ltr'>da</span> <span class='ocrx_word' id='word_1_366' title='bbox 307 4127 418 4193; x_wconf 81' lang='lat' dir='ltr'>praedia,</span> <span class='ocrx_word' id='word_1_367' title='bbox 430 4125 459 4188; x_wconf 79' lang='grc' dir='ltr'>β.</span> <span class='ocrx_word' id='word_1_368' title='bbox 479 4169 510 4178; x_wconf 77' lang='grc'>..</span> <span class='ocrx_word' id='word_1_369' title='bbox 529 4126 668 4191; x_wconf 77' lang='lat' dir='ltr'>respublica,</span> <span class='ocrx_word' id='word_1_370' title='bbox 681 4128 726 4175; x_wconf 87' lang='lat' dir='ltr'>ad.</span> <span class='ocrx_word' id='word_1_371' title='bbox 744 4125 775 4174; x_wconf 91' lang='lat' dir='ltr'>P.</span> <span class='ocrx_word' id='word_1_372' title='bbox 788 4125 830 4185; x_wconf 79' lang='lat' dir='ltr'>R,</span> <span class='ocrx_word' id='word_1_373' title='bbox 843 4126 874 4174; x_wconf 88' lang='lat' dir='ltr'>T.</span> <span class='ocrx_word' id='word_1_374' title='bbox 894 4165 925 4174; x_wconf 78' lang='grc'>..</span> <span class='ocrx_word' id='word_1_375' title='bbox 944 4123 989 4186; x_wconf 81' lang='lat' dir='ltr'>illi,</span> <span class='ocrx_word' id='word_1_376' title='bbox 1001 4140 1024 4172; x_wconf 78' lang='lat' dir='ltr'>a</span> 
     </span>
    </p>
   </div>
   <div class='ocr_carea' id='block_1_8' title="bbox 141 4204 1228 4277">
    <p class='ocr_par' dir='ltr' id='par_1_9' title="bbox 141 4204 1228 4277">
     <span class='ocr_line' id='line_1_42' title="bbox 141 4204 1228 4277; baseline -0.015 -12"><span class='ocrx_word' id='word_1_377' title='bbox 141 4214 209 4275; x_wconf 74' lang='grc'><strong>540.</strong></span> <span class='ocrx_word' id='word_1_378' title='bbox 228 4212 296 4275; x_wconf 86' lang='lat' dir='ltr'>Inde,</span> <span class='ocrx_word' id='word_1_379' title='bbox 310 4215 334 4263; x_wconf 83' lang='lat' dir='ltr'>d.</span> <span class='ocrx_word' id='word_1_380' title='bbox 355 4211 386 4261; x_wconf 84' lang='lat' dir='ltr'>In</span> <span class='ocrx_word' id='word_1_381' title='bbox 398 4210 444 4271; x_wconf 83' lang='lat' dir='ltr'>die,</span> <span class='ocrx_word' id='word_1_382' title='bbox 455 4226 479 4259; x_wconf 78' lang='lat' dir='ltr'>a.</span> <span class='ocrx_word' id='word_1_383' title='bbox 499 4251 530 4259; x_wconf 77' lang='grc'><strong>-</strong></span> <span class='ocrx_word' id='word_1_384' title='bbox 549 4226 578 4259; x_wconf 78' lang='lat' dir='ltr'>er</span> <span class='ocrx_word' id='word_1_385' title='bbox 589 4209 692 4269; x_wconf 71' lang='lat' dir='ltr'>macab,</span> <span class='ocrx_word' id='word_1_386' title='bbox 704 4211 740 4258; x_wconf 81' lang='lat' dir='ltr'>iu</span> <span class='ocrx_word' id='word_1_387' title='bbox 752 4224 800 4264; x_wconf 87' lang='lat' dir='ltr'>nos</span> <span class='ocrx_word' id='word_1_388' title='bbox 812 4208 964 4277; x_wconf 82' lang='lat' dir='ltr'>scripsimus.</span> <span class='ocrx_word' id='word_1_389' title='bbox 982 4204 1119 4263; x_wconf 69' lang='lat' dir='ltr'>aemula,</span> <span class='ocrx_word' id='word_1_390' title='bbox 1131 4221 1155 4254; x_wconf 84' lang='lat' dir='ltr'>a.</span> <span class='ocrx_word' id='word_1_391' title='bbox 1172 4218 1228 4251; x_wconf 67' lang='lat' dir='ltr'>ora„</span> 
     </span>
    </p>
   </div>
   <div class='ocr_carea' id='block_1_9' title="bbox 111 4278 253 4347">
    <p class='ocr_par' dir='ltr' id='par_1_10' title="bbox 111 4278 253 4347">
     <span class='ocr_line' id='line_1_43' title="bbox 111 4278 253 4347; baseline -0.014 0"><span class='ocrx_word' id='word_1_392' title='bbox 111 4278 253 4347; x_wconf 69' lang='lat' dir='ltr'>ubddr·</span> 
     </span>
    </p>
   </div>
   <div class='ocr_carea' id='block_1_10' title="bbox 1007 4337 1025 4376">
    <p class='ocr_par' dir='ltr' id='par_1_11' title="bbox 1007 4337 1025 4376">
     <span class='ocr_line' id='line_1_44' title="bbox 1007 4337 1025 4376; baseline 0 0"><span class='ocrx_word' id='word_1_393' title='bbox 1007 4337 1025 4376; x_wconf 60' lang='grc'>1</span> 
     </span>
    </p>
   </div>
   <div class='ocr_carea' id='block_1_11' title="bbox 0 0 1382 4726">
    <p class='ocr_par' dir='ltr' id='par_1_12' title="bbox 0 0 1382 4726">
     <span class='ocr_line' id='line_1_45' title="bbox 0 0 1382 4726; baseline 0 0"><span class='ocrx_word' id='word_1_394' title='bbox 0 0 1382 4726; x_wconf 95' lang='lat' dir='ltr'> </span> 
     </span>
    </p>
   </div>
  </div>
 </body>
</html>
