2754 4726
365 306 434 354 mn.
448 307 510 353 xx.
539 306 617 353 ose.
632 305 720 353 xvn.
752 303 848 353 sacr.
865 306 895 352 n.
911 307 941 351 ra
1148 290 1209 354 337

88 458 178 525 liacis
199 456 360 533 medetur3
385 457 545 543 singultus
561 465 593 522 et
606 457 773 521 olefactum
788 466 961 541 potumque
980 456 1147 524 decoctum
1158 456 1210 523 in-

88 561 186 638 hibet,
201 559 285 625 foliis
296 557 435 624 decoctis
447 557 564 645 digerit
581 557 765 622 cruditates.
790 555 896 623 Sucus
911 556 1034 625 decocti
1050 580 1123 624 cum
1137 560 1212 645 apio

89 658 244 726 olefactus
260 669 478 723 sternumenta
496 656 631 724 inhibet:
654 656 770 723 Potum
785 679 913 724 somnos
935 658 1087 738 concitat,
1106 659 1224 735 calcu,

88 763 137 827 los
159 759 264 845 pellit,
292 758 481 824 vomitiones
507 758 635 825 cohibet
657 767 689 824 et
715 758 976 845 praecordiorum
1003 769 1159 838 tumores,
1182 771 1215 826 et

89 869 255 946 pectorum
277 859 374 938 vitiis,
396 860 504 926 uerus
524 881 653 944 quoque
674 858 793 943 quibus
814 860 1013 925 succinctum
1034 869 1084 925 est
1097 882 1215 946 corpus

89 960 304 1026 utilissimum.
341 959 480 1025 Prodest
513 972 545 1026 et
579 960 693 1045 capitis
726 958 889 1026 doloribus
922 959 1070 1026 instillari
1103 982 1215 1026 sucum
1231 980 1278 1024 reo

90 1083 164 1127 cum
185 1061 412 1126 annuemus.
445 1061 518 1125 Non
540 1060 628 1126 aliud
655 1060 767 1126 utilius
789 1060 893 1126 ventri
916 1070 948 1125 et
968 1060 1132 1126 intestinis
1153 1083 1215 1147 pu-

90 1170 175 1239 tant,
203 1161 275 1227 ideo
303 1161 507 1245 dysintericis
536 1173 568 1226 et
595 1163 629 1227 in
652 1174 814 1227 tenesmos
836 1161 931 1226 datur
952 1170 1086 1238 tostum;
1115 1161 1216 1247 aliqui

90 1262 214 1327 addunt
235 1271 267 1326 et
288 1262 412 1348 opium,
435 1263 544 1349 pilulis
565 1262 599 1326 in
622 1262 673 1326 die
696 1261 795 1327 ternis
816 1261 919 1348 lupini
940 1263 1160 1350 magnitudine
1182 1264 1217 1328 in

90 1362 156 1426 vini
178 1361 293 1446 cyatho
315 1362 435 1428 dilutis.
475 1362 639 1429 Dieuches
661 1363 755 1429 etad
782 1363 963 1431 lumborum
990 1363 1118 1429 dolores
1139 1385 1216 1431 succ
1232 1379 1275 1424 1⁹1

91 1485 170 1528 usus
188 1472 266 1540 est,
304 1485 413 1528 semen
439 1464 626 1552 hydropicis
656 1475 688 1530 et
717 1464 863 1529 coeliacis
891 1463 980 1528 dedit
1010 1465 1121 1530 tritum
1142 1488 1217 1531 cum

91 1574 211 1643 menta,
238 1563 370 1630 Euenor
390 1567 531 1632 radicem
553 1576 586 1632 et
607 1566 650 1631 ad
671 1565 780 1645 renis3
812 1565 931 1631 Dalion
951 1564 1119 1633 herbarius
1140 1589 1216 1652 par-

93 1664 285 1730 turientibus
307 1689 347 1730 ex
370 1689 407 1732 eo
429 1668 625 1754 cataplasma
646 1667 788 1754 inposuit
810 1689 883 1731 cum
906 1668 991 1752 apio,
1012 1668 1090 1733 item
1105 1668 1216 1734 volva·

91 1789 164 1830 rum
193 1766 308 1845 dolori,
342 1767 492 1853 deditque
521 1768 696 1835 bibendum
725 1789 798 1833 cum
825 1779 920 1836 aneto
945 1768 1216 1856 parturientibus.

93 1865 295 1932 Phrencticis
316 1889 444 1952 quoque
471 1869 611 1935 inlinunt
631 1870 684 1936 vel
705 1891 819 1935 recens
841 1891 913 1934 cum
937 1869 1085 1956 polenta,
1116 1871 1162 1936 sic
1184 1880 1217 1935 et

93 1966 268 2033 infantibus
300 1971 458 2036 comitiale
491 1970 606 2036 vititnn
638 1980 694 2035 aut
726 1969 960 2035 contractiones
993 1970 1215 2039 sentientibus.

93 2068 296 2157 Pythagoras
333 2070 463 2155 quidem
498 2082 596 2158 negat
624 2070 749 2155 conripi
775 2070 854 2136 vitio
881 2070 1032 2136 comitiali
1058 2071 1093 2136 in
1120 2094 1218 2137 manu
1232 2083 1279 2130 raa

93 2166 256 2246 habentis3
279 2170 351 2236 ideo
373 2193 469 2256 qnam
490 2173 676 2258 plurumum
698 2171 784 2237 domi
801 2172 987 2248 serendum3
1009 2193 1123 2259 parere
1137 2193 1217 2258 quo·

95 2292 157 2353 que
178 2269 302 2336 facilius
317 2271 496 2339 olfactantis
523 2283 556 2339 et
578 2273 685 2340 statim
707 2295 726 2338 a
748 2283 844 2359 partu
872 2272 1013 2337 dandum
1040 2274 1131 2358 potui
1157 2295 1218 2359 po·

94 2370 180 2435 lenta
206 2371 370 2456 adspersa.
408 2371 593 2440 Sosimenes
621 2385 732 2439 contra
764 2373 866 2438 omnis
896 2372 1031 2439 duritias
1059 2397 1101 2438 ex
1126 2370 1218 2440 aceto

96 2493 176 2536 usus
198 2485 247 2535 est
269 2494 307 2536 eo
330 2483 362 2537 et
383 2484 494 2539 contra
514 2474 720 2539 lassitudines
748 2473 781 2537 in
808 2474 877 2539 oleo
903 2474 1087 2558 decoquens
1109 2473 1219 2569 addite

96 2571 199 2646 nitr03
224 2572 345 2636 semine
368 2572 437 2637 eius
458 2583 536 2658 poto
556 2573 754 2638 lassitudinis
776 2573 929 2637 auxilium
943 2574 1120 2640 viatoribus
1141 2596 1218 2660 spo-

95 2671 221 2758 pondit.
259 2670 451 2737 Heraclides
473 2672 516 2738 ad
536 2673 715 2739 inflationes
738 2673 892 2762 stomachi
914 2697 1023 2741 semen
1045 2676 1147 2742 tribus
1168 2675 1219 2740 di·
1234 2689 1281 2732 1⁹³

96 2773 175 2858 gitis
205 2793 276 2833 cum
305 2774 439 2839 castorei
467 2774 568 2841 obolis
595 2775 722 2871 dnobus
749 2798 794 2863 ⁶¹.
815 2775 919 2841 mulso
941 2776 1048 2855 dedit,
1076 2776 1220 2843 similiter
1264 2790 1266 2804 '

97 2873 139 2937 ad
160 2872 282 2937 ventris
304 2882 361 2937 aut
381 2873 607 2955 intestinorum
625 2876 818 2943 inflationes
834 2886 867 2943 et
893 2877 1110 2962 orthopnoicis
1133 2879 1220 2965 quod

98 2973 197 3039 ternis
220 2972 331 3058 digitis
353 2976 518 3061 prenderit
543 2977 688 3057 seminis,
719 2977 907 3044 tantundem
933 2977 1119 3063 hyoscyami
1145 3002 1220 3044 cum

96 3077 179 3141 lacte
217 3075 352 3141 asinino.
411 3076 509 3144 Multi
549 3081 717 3147 vomituris
757 3079 925 3146 acetabula
969 3080 1038 3144 eius
1076 3091 1109 3144 et
1144 3079 1220 3144 folia
1315 3066 1321 3080 Χ

98 3176 181 3240 lauri
209 3175 319 3241 decem
355 3179 430 3243 trita
458 3179 491 3243 in
526 3203 610 3267 aqua
642 3180 784 3246 bibenda
815 3181 899 3245 inter
931 3202 1042 3247 cenam
1074 3180 1220 3247 suadent.

133 3330 147 3391 ς
162 3322 217 3377 189.
240 3315 403 3378 inflationibus
412 3318 533 3380 stomachi,
545 3321 578 3370 V.
601 3318 718 3369 stomachi
728 3319 897 3386 instatuatae,
908 3324 952 3373 ad.
972 3362 1003 3372 ..
1026 3329 1048 3370 ct
1059 3330 1118 3372 ante
1129 3319 1220 3369 intarti-

100 3410 181 3442 aarum
194 3399 243 3431 0111·
256 3385 288 3432 K·
309 3425 340 3433 -
365 3393 491 3449 potumque
508 3385 633 3447 metum,
649 3388 724 3439 Vad.
751 3387 868 3439 meream
881 3395 1014 3453 mamque,
1029 3385 1058 3451 β.
1077 3429 1108 3439 ..
1133 3385 1221 3437 decocti

100 3462 176 3526 ipsum
193 3465 257 3510 cum,
276 3453 308 3500 V.
334 3493 363 3500 -
391 3460 560 3516 sternumenta,
576 3453 675 3506 Vadd.
701 3464 897 3518 sternutamenta,
913 3451 966 3520 βγ.
990 3497 1021 3506 ..
1047 3455 1220 3516 somaoa,'1'd.

99 3545 200 3588 maus,
212 3519 266 3566 Va·
284 3534 395 3580 mltum,
406 3516 456 3584 ssr·
477 3562 507 3570 -
526 3521 644 3584 ancilias,
656 3523 689 3572 K.
708 3564 739 3572 -
758 3522 847 3573 cohibet
858 3530 887 3585 et,
900 3525 953 3574 Vd.
972 3523 1068 3584 calmet,
1079 3539 1102 3572 a.

101 3614 108 3624 κ
134 3599 220 3661 5190,
238 3583 341 3634 Prodest
351 3588 498 3647 et‚VTad.
517 3587 621 3638 Prodest
631 3589 681 3638 aius
693 3597 723 3651 et,
734 3585 763 3650 β.
781 3631 812 3639 -
832 3582 1221 3652 animadversionum.

101 3672 207 3725 tenesmo,
220 3653 243 3703 Τ
255 3650 342 3715 (codd.
356 3651 426 3715 (del.)
437 3650 487 3718 βγ.
507 3697 537 3706 ...
557 3654 620 3718 inde,
631 3656 664 3706 K.

134 3733 219 3794 5191,
246 3728 324 3769 menta
338 3720 444 3785 Euenor,
459 3723 528 3774 Pint.
543 3739 567 3774 a.
594 3730 691 3772 amatae.
709 3739 788 3786 umor,
805 3722 839 3776 V.
865 3731 939 3773 meute
956 3739 1035 3783 ucaor,
1051 3719 1079 3772 tl.
1106 3729 1184 3771 menta
1201 3729 1223 3770 et

100 3815 184 3859 mor,
201 3789 253 3847 Τὰ.
280 3795 359 3837 menta
375 3805 467 3850 amum,
483 3788 556 3855 apa.
582 3791 771 3852 montecanino,
790 3793 863 3842 codd.
881 3784 982 3850 (aelst.
1006 3829 1037 3839 ..
1064 3797 1086 3837 et
1101 3787 1223 3852 adressa,

100 3861 279 3918 VTddthtv·
297 3853 333 3903 ad
342 3871 417 3918 renes,
430 3853 499 3922 asty.
519 3898 551 3908 -
568 3855 669 3917 Dalion,
680 3858 714 3907 V.
732 3856 832 3920 Dalloa,
844 3859 889 3909 ad.
902 3896 933 3907 ..
952 3854 1062 3917 inlinunt,
1073 3857 1141 3906 Vad
1152 3855 1222 3918 (cod.

100 3935 175 3984 Laid,
189 3947 230 3996 ap,
240 3923 354 3974 Oudend.
372 3926 406 3974 ad
418 3925 488 3976 Suet.
501 3927 563 3978 Oth.
578 3932 616 3976 ta.
634 3923 754 3984 inliciunt,
764 3925 840 3975 Voss.
853 3939 894 3987 ap.
907 3921 1036 3985 eundem).
1054 3921 1158 3985 illiniat,
1170 3923 1223 3988 Ty.

101 3999 184 4060 illevit,
196 4016 216 4049 r,
236 4029 267 4038 -
285 3988 329 4051 vel,
341 3991 416 4042 Vad.
435 3993 524 4045 omitt.
536 4007 578 4058 rr.
597 4032 629 4042 ..
647 3991 827 4055 ratisractioues,
839 3991 873 4041 V.

136 4070 151 4132 ξ
165 4073 222 4117 lan.
240 4059 365 4184 ntyatqu.
377 4059 467 4110 Omitt.
479 4062 522 4111 ad.
540 4102 572 4111 -
597 4058 693 4124 corripi,
705 4061 743 4109 ad
755 4057 841 4120 (codd.
854 4055 924 4120 Get.)
947 4056 1043 4122 corripi,
1055 4058 1089 4108 V.
1110 4098 1140 4108 ..
1162 4055 1225 4121 ideo,

101 4136 178 4186 vad.
196 4133 302 4187 ideoque,
360 4162 366 4174 ·

137 4200 152 4262 ἓ
166 4207 222 4253 193,
237 4138 368 4264 preadub,
384 4185 405 4240 θ
411 4194 435 4242 (1.
449 4193 598 4258 praendert't,
609 4195 643 4245 V.
661 4192 820 4259 mebendcrit,
833 4189 904 4259 assy.
924 4234 954 4243 -
974 4191 1128 4254 acetabulum,
1142 4194 1173 4242 K.
1193 4231 1224 4242 -

103 4268 187 4331 decim
201 4269 236 4320 V.

137 4339 214 4417 Pam.
230 4335 281 4386 111.
388 4344 397 4353 ‘
980 4327 1022 4388 22
