2754 4726
328 328 397 375 urs.
415 328 519 374 xvru.
548 328 627 375 our.
642 329 780 377 rv-vr.
802 329 900 378 sncr.
916 331 935 376 s.
950 333 968 376 r.
1152 317 1211 381 145

85 491 127 544 ut
147 479 278 556 homini,
301 480 448 563 quamvis
467 492 679 565 quaestuosus
698 482 750 560 sit,
773 482 800 545 si
816 493 929 546 tamen·
941 493 974 548 et
994 494 1212 570 sumptuosus,

86 602 153 646 non
175 580 312 645 multum
334 603 515 667 superesse.
538 581 598 647 Ille
617 582 650 645 in
670 604 750 668 agro
765 583 1078 667 quaestuosissimam
1093 584 1214 650 iudicat

85 681 203 760 vitem,
226 703 290 745 non
314 682 451 760 frustra,
474 682 625 767 quoniam
644 692 718 748 ante
739 684 845 748 omnia
864 683 904 747 de
923 670 1076 769 inpensae
1090 687 1212 751 ratione

85 783 192 861 cavit3
221 782 379 868 proxume
400 782 510 848 hortos
532 783 658 870 riguos,
686 807 744 850 nec
766 784 800 847 id
822 783 921 866 falsq,
950 784 976 848 si
1005 784 1065 850 sub
1094 786 1212 871 oppido

85 882 168 959 sint3
197 894 230 947 et
251 894 344 967 prata
365 885 488 968 antiqui
509 895 622 968 parata
643 884 763 949 dixere.
796 885 951 970 Idemque
975 884 1012 950 C.
1025 895 1056 949 to
1077 886 1212 952 interro-
1225 904 1259 950 ao

82 994 185 1073 gatus
199 983 272 1067 quis
287 994 374 1049 esset
395 985 591 1049 certissimus
614 996 766 1068 quaestus
788 985 969 1071 respondit:
992 987 1042 1063 „si
1056 985 1139 1051 bene
1153 1009 1214 1072 pa-

85 1087 184 1151 scas''
192 1110 201 1162 3
226 1085 298 1169 quis
312 1087 510 1171 proxumus?
532 1084 586 1164 „si
601 1097 651 1150 sat
664 1085 780 1151 bene”.
803 1083 938 1151 Summa
951 1087 1092 1152 omnium
1105 1087 1138 1152 in
1152 1088 1214 1154 hoc

84 1186 264 1273 spectando
289 1184 351 1250 fuit
376 1196 413 1250 ut
439 1187 564 1252 fructus
592 1186 622 1251 is
650 1209 800 1252 maxume
826 1185 1017 1272 probaretur
1039 1189 1094 1272 qui
1116 1212 1213 1274 quam

82 1287 231 1352 minume
256 1286 409 1372 inpendio
437 1298 639 1352 constaturus
668 1297 762 1352 esset.
796 1287 870 1353 Hoc
892 1311 933 1353 ex
953 1287 1097 1354 locorum
1118 1312 1212 1355 occa·

83 1390 178 1453 sione
198 1387 291 1452 aliter
313 1387 389 1452 alibi
411 1389 611 1467 decernitur3
638 1389 814 1473 eodemque
836 1390 993 1473 pertinet,
1015 1390 1109 1474 quod¹
1124 1391 1212 1477 agri·

81 1489 189 1555 colam
209 1489 384 1569 vendacem
404 1512 475 1555 esse
495 1501 643 1576 oportere
664 1490 755 1554 dixit.
777 1488 930 1554 Fundum
944 1490 979 1554 in
994 1491 1254 1558 adulescentiam

82 1590 319 1655 conserendum
341 1590 410 1655 sine
425 1591 643 1669 cunctatione,
666 1591 899 1656 aedificandum
920 1613 984 1655 non
1005 1591 1068 1655 nisi
1091 1592 1213 1659 consito

81 1712 183 1776 agro,
212 1701 289 1756 tunc
317 1713 442 1776 quoque
472 1702 658 1758 cunctanter
665 1716 674 1767 ;
710 1702 941 1778 optumumque
969 1702 1032 1771 est,
1059 1703 1095 1757 ut
1115 1695 1212 1781 volgo

81 1793 213 1871 dixere,
246 1791 350 1856 aliena
375 1792 500 1856 insania
524 1791 603 1869 frui,
636 1791 694 1856 sed
721 1791 767 1856 ita
794 1803 830 1857 ut
857 1792 1005 1857 villarum
1027 1794 1126 1859 tutela
1146 1817 1211 1860 non

82 1893 129 1958 sit
149 1892 250 1958 oneri.
284 1891 371 1956 Eum
393 1903 500 1956 temen
521 1892 578 1975 qui
599 1891 683 1957 benc
703 1891 826 1956 habitet
849 1894 977 1979 saepius
999 1894 1156 1958 ventitare
1178 1895 1212 1959 in

81 2016 202 2080 agrum
234 1993 435 2077 frontemque
468 1993 587 2059 domini
619 1994 693 2079 plus
720 1993 876 2078 prodesse
902 2015 999 2077 quam
1027 1993 1212 2080 occipitium

80 2116 151 2159 non
171 2093 380 2160 mentiuntur.

127 2194 189 2260 VI.
212 2199 240 2260 7.
266 2193 388 2261 Modus
409 2195 461 2262 hic
482 2197 637 2283 probatur
657 2209 693 2261 ut
714 2218 820 2281 neque
840 2197 959 2262 fundus
980 2197 1088 2263 villam
1109 2217 1209 2281 quae·
1224 2211 1257 2258 aa

79 2305 146 2373 rat,
180 2318 284 2381 neque
315 2297 392 2363 villa
424 2297 570 2378 fundum,
603 2321 677 2377 non,
710 2309 747 2363 ut
778 2298 925 2364 fecerunt
953 2299 1044 2363 iuxta
1072 2297 1211 2363 diversis

81 2397 199 2463 eadem
226 2407 331 2464 aetate
363 2399 517 2485 exemplis
545 2399 586 2464 Ι..
616 2399 774 2466 Lucullus
801 2411 833 2464 et
860 2397 902 2480 Q.
926 2397 1098 2475 Scaevola,
1137 2421 1210 2463 cum

81 2499 164 2569 villa
190 2497 364 2565 Scaevolae
397 2500 520 2565 fructus
551 2524 614 2566 non
648 2509 792 2586 caperet,
826 2501 932 2565 villam
964 2499 1094 2565 Luculli
1121 2522 1209 2585 ager,

81 2599 208 2683 quoin
240 2622 360 2688 genere
391 2602 536 2667 censoria
562 2601 730 2687 castigatio
758 2611 827 2666 erat
862 2601 968 2664 minus
996 2622 1087 2664 arare
1111 2622 1209 2683 quam

84 2720 222 2765 verrere.
254 2700 327 2766 Nec
352 2702 415 2767 hoc
441 2703 509 2768 sine
531 2713 598 2766 arte
619 2702 758 2785 quadam
780 2712 839 2766 est.
871 2699 1076 2764 Novissimus
1101 2700 1210 2765 villam

86 2799 123 2863 in
143 2799 324 2868 Misenensi
345 2804 455 2890 posuit
478 2800 516 2869 Ο.
539 2800 666 2866 Marius
688 2801 828 2888 septiens
855 2801 982 2878 consul,
1010 2800 1068 2865 sed
1093 2800 1210 2885 peritia

91 2911 193 2967 castra
207 2904 371 2985 metantis,
395 2905 441 2971 sic
462 2914 498 2971 ut
519 2914 708 2995 conparatos
729 2903 759 2968 ei
782 2914 905 2968 ceteros
926 2901 1024 2967 etiam
1038 2899 1129 2966 Sulla
1142 2899 1207 2966 Fe-

124 3076 187 3138 (2⁹.
209 3075 421 3131 Gatodererust.
436 3086 458 3138 1,
471 3086 494 3129 4.
513 3119 546 3129 -
569 3077 656 3135 emta
682 3077 750 3137 euim,
763 3080 787 3128 d.
806 3117 837 3129 ..
860 3090 973 3141 aproque,
986 3091 1009 3125 a·
1036 3090 1147 3139 aprorum
1159 3073 1208 3140 tm}

98 3138 117 3187 tl·
133 3182 162 3191 -
179 3143 277 3206 iudicat,
289 3146 378 3196 Tadr.
397 3144 497 3208 iudicat,
506 3142 536 3208 β.
555 3187 586 3195 ..
604 3145 730 3207 impensae,
744 3146 766 3193 d.
786 3143 892 3206 inpensa,
904 3159 927 3192 a.

126 3228 188 3290 (30.
203 3237 298 3292 pascat,
310 3232 415 3281 Barbar.
427 3231 461 3280 Κ.
475 3269 506 3279 ..
525 3228 567 3291 qai
574 3227 705 3291 proximus,
718 3230 764 3276 ad.
783 3267 815 3276 ..
838 3226 862 3275 si
871 3234 911 3275 sat
922 3228 985 3289 leue,
1001 3227 1038 3277 ita
1048 3242 1095 3277 nos
1107 3227 1208 3291 scripsi·

102 3303 155 3343 mus.
178 3296 217 3345 sit.
229 3305 257 3345 ut
268 3298 330 3357 bene,
342 3298 444 3348 DPad.
467 3296 491 3345 si
500 3295 560 3344 satis
572 3296 634 3355 bene,
652 3294 707 3344 Ian.
721 3295 787 3345 obss.
800 3295 863 3344 critt.
875 3297 902 3344 iu
913 3295 978 3344 Plin.
991 3301 1043 3344 nat.
1056 3296 1115 3345 hist.
1127 3310 1152 3358 p.
1167 3300 1207 3346 17.

102 3360 150 3410 loll.
163 3362 214 3412 cte.
227 3365 258 3414 de
270 3363 337 3414 offic.
349 3365 384 3414 Π.
398 3371 438 3425 25,
452 3370 492 3416 89.
515 3363 539 3412 si
549 3369 605 3410 arat
617 3363 679 3424 bene,
695 3363 800 3413 Barbar.
812 3365 845 3416 Κ.
868 3363 892 3411 εἰ
901 3361 1048 3419 mediocriter
1056 3378 1153 3426 pascas,
1163 3358 1208 3425 βγ

101 3434 125 3472 ⁰1
136 3427 267 3480 columen.
281 3431 327 3482 VI.
339 3431 416 3496 praef.
430 3435 444 3496 ξ
457 3439 481 3482 t.
499 3472 531 3480 -
550 3429 650 3491 minime,
663 3447 685 3480 a.
704 3472 734 3480 -
754 3429 816 3479 dixit
826 3434 858 3481 de
869 3445 896 3481 re
907 3439 968 3480 rust.
981 3437 1005 3491 2,
1019 3434 1041 3480 7.

126 3517 188 3578 lat.
211 3522 323 3572 laudum
338 3525 391 3584 rel,
410 3524 475 3575 Cato
493 3525 524 3572 de
539 3538 566 3572 re
582 3528 680 3582 rustss,
694 3529 716 3572 1.
736 3564 767 3573 ..
792 3522 843 3571 ciue
859 3523 1004 3572 cunctatione
1021 3519 1207 3586 aedificandum,

96 3588 168 3656 0111111.
180 3593 223 3641 ad.
245 3591 284 3643 At
295 3606 318 3639 ν.
332 3591 388 3642 Cat.
408 3632 439 3640 .-
463 3589 567 3650 consitio,
579 3606 602 3640 a.
622 3631 652 3639 -
671 3598 807 3640 cartcmnter
819 3597 842 3639 et
856 3589 898 3651 ita,
916 3597 942 3639 ut
952 3588 1063 3649 villarum
1076 3587 1149 3637 tutela
1160 3604 1206 3636 uou

94 3655 123 3694 ⁸⁸²
134 3657 200 3706 meri.
223 3656 385 3721 Optimumque
397 3666 439 3720 est,
451 3666 477 3707 ut
487 3657 555 3722 vulpe
563 3657 661 3720 ..frui
683 3656 746 3707 Eum
760 3666 836 3706 tamen
848 3657 897 3721 qui,
909 3658 976 3708 Pint.
996 3697 1028 3706 ..
1046 3671 1103 3717 esse,
1114 3656 1205 3708 Doleo.

90 3746 122 3762 s
141 3729 165 3770 ut
174 3723 250 3789 culpo,
263 3742 286 3775 a.
304 3725 382 3790 culpo,
395 3727 419 3775 d.
438 3767 470 3775 -
487 3724 551 3774 Eum
564 3733 640 3774 tamen
651 3727 705 3785 rel,
718 3725 783 3776 Cato
796 3729 865 3776 dere
877 3733 937 3775 rust.
957 3732 981 3775 4.

122 3812 188 3874 §82
201 3816 301 3880 fecerit,
317 3809 386 3868 Oad.
403 3819 469 3868 Plin.
481 3819 581 3868 videtur
589 3816 672 3879 fecere
683 3815 710 3866 id
725 3818 859 3880 scripsisse.
878 3857 909 3866 ..
934 3814 1060 3876 diuersum,
1072 3819 1116 3866 ud.
1135 3856 1168 3866 -
1185 3824 1208 3865 et

89 3866 138 3938 αἱ
153 3897 196 3945 pro
208 3885 249 3935 his
260 3899 300 3935 vu.
317 3886 396 3935 habet
412 3901 468 3949 eque
483 3902 511 3948 a,
529 3892 600 3947 atque
613 3885 636 3933 d.
655 3925 686 3934 ..
703 3885 802 3948 fructus
813 3900 866 3944 uon,
883 3875 944 3934 Oad
960 3882 1045 3946 (codd.
1058 3886 1136 3935 Turn.
1149 3885 1206 3932 adv.

84 3937 132 4002 3⁰,
145 3947 192 4012 18.)
202 3951 309 4015 fundus,
320 3948 371 4017 βγ.
384 3993 415 4002 ...
428 3960 530 4015 caperet,
542 3954 616 4003 codd.
629 3952 708 4002 Turn.
726 3959 799 4012 caret,
814 3945 883 4002 Eud.
902 3959 1000 4013 careret,
1012 3947 1062 4015 βγ.
1072 3991 1102 4000 ..
1117 3949 1206 4010 villam,

87 3993 139 4061 od
149 4012 231 4077 (codd.
245 4018 338 4083 Turn.)
361 4019 426 4080 villa,
439 4017 510 4084 asty.
529 4060 561 4070 ..
579 4035 646 4083 aper,
661 4013 683 4066 θ
688 4021 726 4068 ad
738 4017 825 4081 (codd.
837 4018 930 4082 Turn.)
954 4035 1022 4082 aero,
1034 4013 1085 4082 βγ.
1104 4058 1135 4066 ..
1154 4033 1206 4065 uer-

140 4085 220 4142 ‚Pint.
239 4127 271 4136 -
292 4086 484 4148 Metumque
503 4129 533 4137 -
558 4086 768 4148 cmtrametantic,
783 4088 820 4137 ita
830 4102 878 4137 nos
890 4088 1044 4151 scripsimus.
1067 4092 1206 4134 castrame·

86 4138 159 4211 “nti,
169 4166 190 4202 a.
212 4154 406 4216 carcassonam,
423 4157 439 4203 d
444 4150 466 4219 β
470 4170 494 4219 γ.
513 4195 545 4203 -
569 4162 726 4217 conparatos,
739 4156 812 4205 codd.
826 4154 882 4206 Gal.
906 4160 1058 4219 conparatae,
1070 4155 1115 4203 ad.
1135 4192 1167 4201 .-
1184 4151 1208 4205 ei

87 4213 183 4278 mitres,
194 4223 266 4272 codd.
280 4221 336 4274 Gal.
355 4229 378 4271 et
389 4229 483 4283 ceteros,
496 4224 520 4271 d.
538 4227 561 4270 et
572 4219 649 4281 ceteri,
661 4236 683 4274 a.

129 4279 198 4337 Pam.
214 4288 263 4342 111.
961 4284 1001 4351 10
