2754 4726
303 315 374 364 nna
391 316 480 365 xxu.
510 315 589 364 cnr.
605 315 680 364 xxr.
696 317 786 366 xxn.
816 315 1012 365 sconsam
1157 301 1218 367 437

97 488 227 554 qnoque
248 487 312 533 non
332 466 480 533 dissimili
495 466 705 549 amaritudine
720 476 785 546 est3
808 477 925 555 purget
941 466 1056 548 alvom,
1079 469 1112 533 in
1128 489 1222 554 quem

97 591 193 636 usum
215 568 331 635 teritur
351 589 392 657 err
413 589 506 653 aqua.

141 669 194 736 32.
217 668 439 756 Asphodelum
460 669 708 736 declarissimis
729 669 911 749 herbarum,
935 679 971 734 ut
989 672 1076 755 quod
1090 671 1222 739 heroum
1238 689 1268 735 er

97 770 197 856 aliqui
219 769 463 857 appellaverint,
486 768 651 836 Hesiodus
674 782 706 836 et
726 771 760 835 in
782 770 889 837 fluviis
910 772 1000 836 nasci
1022 771 1116 850 dixit,
1139 772 1222 839 Dio-

97 870 212 957 nysius
247 892 368 937 merem
407 893 446 936 ac
478 871 629 936 feminam
663 894 753 948 esse;
797 872 931 938 defectis
967 873 1155 959 corporibus
1191 886 1228 940 et
1257 923 1263 932 .

52 1030 58 1037 ,
97 971 270 1059 phthisicis
292 981 418 1037 constat
438 970 555 1038 bulbos
576 973 647 1038 eius
669 995 742 1038 cunr
764 973 869 1039 tisana
892 973 1038 1039 decoctos
1058 974 1223 1060 aptissime

96 1073 169 1139 dari
200 1094 381 1158 panemque
413 1095 453 1138 ex
485 1073 526 1138 iis
559 1095 631 1138 cum
663 1074 766 1139 farina
800 1073 942 1140 subactis
976 1075 1222 1140 saluberrimum

96 1195 180 1240 esse.
202 1173 367 1240 Nicander
389 1184 422 1239 et
443 1184 554 1240 contra
576 1175 734 1261 serpentis
755 1197 793 1241 ac
815 1175 998 1261 scorpiones
1019 1177 1072 1242 vel
1097 1175 1222 1243 caulem

96 1296 194 1360 quam
221 1275 421 1341 anthericum
448 1276 635 1341 vocavimus
664 1276 715 1340 vel
736 1296 845 1341 semen
866 1278 918 1342 vel
940 1275 1056 1342 bulbos
1078 1277 1167 1343 dedit
1188 1277 1221 1341 in

97 1376 173 1442 vino
194 1375 298 1442 tribus
319 1374 480 1440 drachmis
500 1374 739 1460 substravitque
761 1398 872 1442 somno
894 1386 1006 1442 contra
1027 1376 1086 1443 hos
1107 1388 1221 1443 metus.

96 1475 205 1544 Datur
225 1488 260 1543 et
279 1487 391 1543 contra
412 1487 571 1543 venenata
592 1477 715 1542 marina
736 1489 767 1543 et
788 1488 899 1543 contra
914 1477 1141 1563 scolopendras
1162 1489 1222 1543 ter·
1236 1493 1267 1538 es

11 1613 16 1622 ·
96 1578 217 1644 muts.
251 1575 390 1644 Ooeleae
410 1577 491 1642 mire
511 1578 545 1643 in
569 1575 749 1664 Campania
770 1579 893 1644 caulem
916 1601 990 1644 eum
1010 1589 1223 1664 persecuntur

96 1687 132 1743 st
152 1678 299 1768 sugenda
316 1678 509 1745 meleciunt.
535 1677 628 1744 Folia
647 1699 776 1764 quoque
797 1679 975 1744 inlinuntur
994 1689 1222 1746 venenatorum

96 1779 282 1847 volneribus
308 1802 350 1846 ex
377 1780 469 1858 vino,
502 1779 591 1846 bulbi
625 1781 735 1846 nervis
762 1781 968 1865 articulisque
994 1803 1069 1846 erun
1094 1782 1222 1868 polenta

96 1878 184 1947 amo
212 1880 404 1969 inlinuntur,
434 1880 575 1947 Prodest
601 1892 634 1947 et
661 1882 798 1947 concisis
824 1904 865 1946 ex
885 1881 1142 1951 acetolicheuas
1163 1881 1220 1945 fn·-

95 2002 182 2061 care,
204 1982 281 2047 item
304 1980 465 2049 ulceribus
485 1981 743 2068 putrescentibus
765 2005 805 2047 ex
827 2003 911 2066 aqua
931 1981 1096 2069 inponere,
1118 2004 1219 2046 mam·

95 2103 221 2149 marum
242 2089 371 2167 quoque
392 2093 425 2148 et
445 2084 574 2148 testium
587 2081 898 2148 inflammationibus.
920 2080 1054 2147 Decocti
1076 2080 1110 2145 in
1131 2081 1221 2147 faece
1234 2093 1266 2140 6⁹

96 2182 164 2260 vini
192 2183 354 2248 oculorum
382 2183 547 2270 epiphoris
573 2184 740 2271 supposito
765 2184 895 2250 linteolo
922 2181 1100 2249 medentur.
1135 2182 1220 2249 Fere

96 2281 131 2347 in
153 2305 354 2368 quocumque
366 2283 486 2350 'morbo
507 2285 611 2372 magis
633 2285 773 2351 decoctis
793 2295 939 2364 utuntur,
962 2284 1040 2349 item
1061 2283 1103 2348 ad
1125 2282 1218 2348 tibia·

95 2405 168 2449 rum
194 2395 296 2451 taetra
319 2385 427 2451 ulcera
453 2386 613 2471 rimasque
641 2407 811 2473 corporum
838 2406 1039 2469 quacumque
1066 2385 1099 2448 in
1126 2393 1219 2469 parte

97 2485 202 2551 lamna
222 2486 443 2567 arefactorum.
463 2487 632 2552 Autumno
653 2496 761 2551 autem
783 2487 988 2573 colliguntur,
1010 2507 1083 2550 cum
1105 2485 1218 2569 pluru-¹

95 2609 186 2652 mum
206 2588 325 2654 valent.
348 2584 456 2652 Sucus
476 2608 604 2673 quoque
625 2609 667 2652 ex
688 2587 790 2651 tunsis
812 2606 985 2671 expressus
999 2593 1055 2648 aut
1068 2584 1219 2651 decoctus

96 2677 188 2753 utilis
212 2689 250 2752 fit
277 2689 421 2775 corporis
447 2688 549 2754 dolori
575 2677 648 2753 dum
668 2688 776 2766 melle,
805 2686 891 2751 idem
918 2684 1049 2750 odorem
1076 2685 1219 2771 eorporis

96 2789 272 2855 iucundum
292 2787 528 2854 adfectantibus
550 2812 622 2854 cum
643 2789 684 2853 iri
706 2788 797 2853 arida
819 2797 852 2853 et
873 2785 949 2853 salis
970 2787 1098 2874 exiguo.
1123 2785 1219 2851 Folia
1233 2797 1264 2843 ⁷0

97 2900 129 2957 et
151 2911 250 2977 supra
270 2890 365 2957 dictis
379 2890 547 2956 medentur
566 2901 599 2956 et
613 2889 755 2974 strumis,
776 2889 882 2977 panis,
905 2886 1066 2954 ulceribus
1079 2886 1115 2951 in
1135 2886 1218 2953 faeie

95 2991 230 3059 decocta
250 2992 284 3057 in
305 2991 389 3058 vino.
428 2989 520 3057 Ciuis
546 3012 563 3056 e
584 2990 691 3058 radice
718 2989 878 3076 alopecias
899 2987 1047 3054 emendet
1067 2997 1100 3053 et
1120 2987 1218 3053 rimas

95 3199 725 3271 am‚v.un00pnr.ua.pnnsv1urae,-
744 3205 786 3259 aa,
797 3168 973 3257 vussatsea,
986 3190 1088 3260 noar.
1108 3234 1139 3242 -
1159 3207 1219 3256 por·

95 3268 211 3400 wall·
226 3341 253 3384 al
262 3331 333 3398 qaod,
344 3335 437 3385 RVT.
455 3333 525 3398 qused,
538 3335 562 3384 d.
579 3347 659 3396 qaam,
670 3327 722 3396 βγ.
739 3333 781 3383 De
792 3331 948 3462 ipmplanm
958 3346 982 3381 v.
994 3330 1113 3381 Dioscor.
1126 3331 1219 3390 2199.

97 3442 130 3453 ..
149 3399 252 3464 mam,
264 3403 296 3452 T.
322 3401 531 3466 heroneoa,Rdr.
559 3399 679 3462 lerenean,
691 3401 725 3452 V.
750 3397 841 3459 tersia
875 3436 882 3450 .
905 3440 937 3449 -
959 3396 1218 3462 appellaverinl,RV.
1291 3419 1293 3423 ·

96 3467 289 3533 appellarentur,
306 3465 408 3533 Tdssr.
432 3510 463 3519 ..
481 3467 576 3532 fluviis,
592 3469 675 3519 R'l'd.
702 3466 775 3528 adab,
792 3462 874 3531 Vssr.
897 3507 928 3517 ..
955 3465 1107 3531 Dionysium,
1124 3465 1159 3514 V.
1186 3504 1218 3514 .-

94 3534 297 3601 praeessu.
321 3536 446 3601 paean.
468 3577 501 3586 -
523 3535 677 3598 commu.
701 3576 732 3585 ..
754 3533 836 3595 auu.
857 3530 1017 3598 lavaur.
1041 3573 1072 3583 -
1095 3528 1221 3583 measse

97 3604 204 3661 theriac.
216 3610 273 3656 584.
292 3645 323 3655 ..
342 3606 444 3666 aad.
461 3605 533 3666 a,V.
552 3645 583 3654 ..
602 3602 852 3663 aethnamffllld.
869 3596 1082 3664 caueamur.
1101 3639 1132 3649 ..
1151 3613 1220 3647 voca·

96 3670 174 3720 amus
186 3677 216 3722 21
241 3676 296 3723 109.

131 3737 200 3800 §aa
219 3707 314 3789 ’Umbra
324 3737 408 3802 mbae,
421 3740 455 3790 V.
474 3780 505 3790 ..
527 3735 693 3801 Campaniam,
704 3736 738 3786 V.
751 3777 782 3787 -
801 3734 901 3798 cnabm,
913 3739 937 3786 d.
956 3733 1038 3795 colem
1050 3735 1082 3786 R.
1099 3729 1174 3793 οαυῖο,
1184 3733 1219 3782 V.

97 3845 130 3856 -
152 3813 329 3869 venenatarum,
341 3808 428 3859 RVd.
447 3847 479 3857 ..
502 3803 667 3867 articulosque,
680 3804 732 3854 Ψ.
751 3844 783 3854 ,.
806 3804 876 3865 tansi,
888 3805 942 3854 Rd.
966 3801 1031 3862 ausi,
1044 3802 1078 3852 V.
1103 3799 1157 3862 tusi,
1168 3795 1219 3865 βγ.

96 3913 129 3923 ..
140 3871 245 3936 fricari,
257 3875 282 3924 d.
300 3915 332 3925 -
348 3889 442 3939 ponere,
454 3876 487 3925 R.
506 3914 538 3923 ..
556 3869 747 3936 inflammationi,
764 3864 813 3922 od.

131 3941 201 4004 §.62
226 3940 345 4002 Deaoeds,
357 3945 382 3993 d.
400 3982 432 3992 -
450 3941 520 4003 Fere,
532 3941 638 3991 RVTd
649 3937 736 4001 (codd
749 3936 821 4001 Gal.)
838 3934 922 3998 Follis,
934 3954 954 3987 r.
973 3976 1003 3986 -
1022 3934 1100 4000 mopia
1111 3931 1219 4010 decoctis,

95 4007 160 4060 RV.
182 4007 259 4074 maqis
270 4005 370 4060 doeoelis
381 4007 474 4070 medin,
488 4012 535 4072 dy.
557 4005 633 4071 mapsa
644 4004 731 4055 medici
741 4003 817 4066 aodb,
831 4006 862 4055 Τ.
886 4000 986 4052 mones
996 4002 1074 4065 maqls
1086 3997 1178 4062 medice,
1189 3995 1219 4061 β.

96 4115 130 4126 ..
149 4074 320 4139 arefactionem,
332 4078 364 4128 R.
383 4117 414 4127 ..
434 4074 531 4137 adesa,
543 4074 577 4125 V.
595 4113 627 4125 ..
650 4089 680 4123 en
692 4071 758 4133 tusis,
771 4072 803 4123 Τ.
822 4080 845 4120 ct
857 4069 933 4132 nuni,
945 4071 1007 4122 RV.
1027 4074 1127 4128 altura,
1140 4069 1164 4118 d.
1184 4074 1219 4117 ta·

94 4142 138 4204 rr's,
151 4138 202 4208 β’γ.
222 4140 316 4205 tlrais,
327 4161 347 4195 r.
361 4185 392 4194 ..
411 4141 525 4205 decoctas,
538 4143 591 4193 V2.
615 4140 722 4203 morra,
736 4134 881 4203 RV'dssr.
900 4177 931 4188 ..
950 4134 1052 4197 odaren
1065 4133 1089 4185 d.
1107 4131 1218 4195 dolorem

94 4210 160 4262 RV.
178 4244 211 4261 .-
230 4159 408 4276 bectantia,
418 4211 453 4263 V.

130 4279 201 4342 §⁷⁰-
219 4286 248 4341 et,
263 4277 349 4331 RVd.
366 4277 446 4340 ettam
458 4273 507 4343 βγ.
