2754 4726
414 316 485 364 ara.
502 308 750 365 annonara.
781 316 879 366 saer.
896 320 925 364 ro.
1165 304 1227 370 865

103 468 193 533 simis
207 467 300 532 foliis.
324 468 400 534 Alia
411 468 558 534 funditur
573 491 591 534 e
610 468 699 536 caule
718 470 871 537 malvacio
885 469 961 536 lolia
976 470 1065 537 oleae
1080 471 1227 549 habente,
1244 491 1274 533 ra

103 623 144 631 -
162 578 322 634 macetum
338 580 465 647 vocant,
478 625 518 634 -
534 580 631 653 atque
646 571 734 636 inter·
743 571 801 637 has
815 570 921 636 media
934 571 1154 658 magnitudine
1168 595 1226 638 au·

102 670 254 735 tumnalis
268 692 366 754 quam
380 670 574 736 coroniolam
588 671 762 758 appellant,
774 694 887 737 omnes
904 672 972 736 sine
987 672 1085 738 odore
1099 683 1227 758 praeter

103 771 301 837 coroniolam
324 782 357 836 et
377 772 411 836 in
432 771 514 836 rubo
529 784 653 852 natam3
677 783 723 838 tot
744 773 850 838 modis
863 773 1069 838 adulteratur.
1092 772 1136 836 llt
1146 773 1227 838 alias

104 894 182 937 vcra
204 894 332 957 quoque
354 874 538 959 plurumum
553 874 622 939 solo
643 875 818 960 praevalet.
841 872 980 960 Cyrenis
1004 874 1228 940 odoratissima

101 984 150 1038 cst
176 972 312 1056 ideoque
341 973 386 1038 ibi
414 985 613 1061 unguentum
639 974 906 1059 pulcherrimum,
945 972 1143 1061 Carthagine
1165 974 1228 1039 Hi·

103 1074 236 1158 spaniae
250 1074 354 1140 hieme
370 1085 437 1139 tota
450 1096 599 1160 praecox.
620 1074 732 1141 Refert
746 1086 777 1141 et
793 1075 874 1141 caeli
888 1076 1077 1162 temperiem
1093 1075 1227 1160 quibus·

102 1175 178 1239 dam
205 1175 290 1240 enim
317 1176 409 1241 annis
437 1177 544 1241 minus
571 1175 706 1242 odorata
733 1177 899 1264 provenit,
929 1187 1097 1263 praeterea
1124 1177 1228 1242 omnis

104 1276 196 1341 siccis
218 1299 315 1362 quam
336 1278 454 1343 umidis
475 1277 648 1343 odoratior.
671 1275 742 1343 Seri
764 1300 868 1364 neque
883 1278 1060 1365 pinguibus
1082 1277 1147 1342 volt
1169 1294 1227 1342 ne·
1242 1297 1275 1341 ao

103 1399 167 1461 que
189 1378 347 1464 argillosis
369 1378 448 1444 locis
483 1400 544 1444 nec
570 1378 692 1464 riguis,
731 1390 880 1444 contenta
907 1381 1007 1456 raris,
1035 1379 1228 1465 proprieque

102 1480 291 1544 ruderatum
312 1502 427 1566 agrurn
448 1490 544 1544 amat.
566 1478 714 1544 Praecox
729 1476 898 1566 Campana
919 1490 979 1557 est,
1002 1501 1074 1544 sera
1088 1479 1228 1557 Milesia,

103 1581 276 1646 novissime
299 1592 406 1645 tamen
428 1580 548 1646 desinit
568 1579 787 1647 Praenestina.
811 1579 995 1646 Fodiuntur
1015 1579 1112 1647 altius
1133 1603 1229 1665 quam

104 1681 226 1767 fruges,
239 1682 343 1747 levius
357 1704 454 1766 quam
468 1681 562 1746 vites.
584 1680 782 1747 Tardissime
793 1682 986 1769 proveniunt
1005 1682 1126 1747 semine
1141 1683 1230 1767 quod

104 1783 139 1847 in
161 1783 234 1868 ipso
256 1783 373 1849 cortice
396 1794 455 1860 est,
479 1783 539 1848 sub
559 1783 632 1869 ipso
654 1783 742 1861 flore,
766 1793 914 1868 opertum
936 1782 1108 1870 lanugine3
1131 1782 1172 1849 ob
1194 1784 1229 1848 id

104 1883 213 1968 potius
227 1885 316 1950 caule
332 1883 460 1949 conciso
473 1883 673 1962 inseruntur,
695 1895 728 1948 et
742 1882 851 1949 ocellis
862 1883 994 1959 radicis,
1016 1896 1053 1947 ut
1067 1882 1227 1960 harundo;

104 2005 203 2047 unum
225 2007 327 2070 genus
348 1983 501 2049 inseritur
522 1976 676 2069 pallidae,
705 1985 872 2070 spinosae,
894 1983 1093 2069 longissimis
1115 1984 1228 2071 virgis,

105 2083 353 2169 quinquefoliae‚
376 2108 460 2171 quae
482 2083 620 2151 Graecis
642 2085 744 2150 altera
766 2096 826 2151 est.
864 2082 981 2150 Omnis
1009 2095 1117 2150 autem
1144 2086 1227 2151 reci·
1242 2101 1272 2145 21

105 2185 194 2251 sione
220 2199 315 2272 atque
341 2187 467 2252 ustione
494 2186 634 2273 proficit3
667 2186 874 2252 translatione
902 2207 1046 2272 quoque,
1075 2196 1112 2251 ut
1134 2187 1227 2264 vites,

104 2297 235 2372 optume
253 2288 465 2373 ocissimeque
487 2287 645 2374 provenit,
679 2287 816 2354 surculis
838 2298 1028 2373 quaternum
1054 2286 1228 2376 digitorum

104 2386 304 2475 longitudine
316 2401 372 2455 aut
387 2389 551 2475 ampliore,
574 2400 649 2475 post
662 2388 871 2474 vergiliarum
883 2411 1035 2454 occasum
1051 2400 1129 2467 sata,
1152 2389 1227 2453 dein

106 2511 163 2574 per
191 2490 358 2555 favonium
384 2491 536 2556 translata
568 2488 737 2575 pedalibus
758 2488 934 2554 intervallis
963 2488 1138 2573 crebroque
1164 2489 1227 2554 cir·

106 2590 277 2656 cumfossa.
300 2589 368 2671 Qui
383 2612 573 2677 praecocem
587 2588 720 2667 faciunt,
738 2588 844 2673 pedali
860 2587 945 2653 circa
961 2587 1101 2653 radicem
1117 2590 1228 2655 scrobe

106 2712 222 2775 aquam
246 2690 381 2756 calidam
400 2691 578 2759 infundunt
600 2688 784 2775 germinare
804 2688 977 2774 incipiente
999 2687 1118 2773 calyce.

105 2861 214 2925 vocem).
234 2905 265 2913 -
283 2871 404 2927 macetum
416 2866 448 2916 R.
466 2871 564 2925 mlum,
575 2862 609 2914 V.
632 2869 753 2924 macetum,
765 2865 790 2913 d.
812 2870 902 2922 meaa,
913 2879 926 2912 r
937 2858 1023 2923 (codd.
1035 2858 1162 2923 Barbari).
1179 2876 1228 2908 mo-

105 2939 206 2992 rcarum,
223 2932 328 2982 Barbar.
345 2928 398 2996 βγ.
425 2930 685 2992 mariamniae.
711 2929 809 2980 Neutra
823 2931 914 2980 harum
926 2930 1126 2979 coniecturarum
1137 2928 1228 2979 lunda·

106 3007 192 3047 mento
208 3001 296 3062 aliquo
311 3001 413 3062 nititur,
431 3001 452 3050 si
468 2999 588 3049 hariolari
603 2999 672 3057 licat,
690 2999 774 3061 possis
790 2998 872 3047 dicere
888 2997 956 3046 hane
971 3011 1056 3046 rosam
1072 2996 1227 3061 appellatam

106 3064 183 3115 fuisse
198 3060 338 3116 Μάκεττον
356 3069 409 3117 sive
426 3060 549 3115 Μάκετον
566 3065 583 3114 i.
600 3081 621 3115 a.
639 3059 831 3126 Μακεδονικόν,
848 3066 880 3114 dc
897 3078 948 3127 qua
964 3062 1046 3113 forma
1062 3078 1086 3112 v.
1104 3063 1227 3126 Stephani

106 3132 169 3182 thes.
181 3133 244 3196 ling.
257 3134 346 3186 Graec.
365 3175 396 3184 ..
419 3131 569 3194 coroniolam,
580 3132 633 3183 Rd.
656 3130 810 3190 cumaculam,
822 3126 903 3196 Vssr.
925 3131 1023 3180 Eadem
1036 3131 1173 3193 scripturae
1185 3145 1228 3180 va·

105 3200 181 3250 rietus
193 3202 277 3252 statim
289 3202 363 3252 infra.
383 3241 414 3251 ..
433 3199 564 3265 appellant,
578 3194 717 3250 Oltvro.
735 3206 827 3260 aarum,
838 3194 890 3262 βγ.
910 3238 941 3246 -
964 3205 992 3257 et,
1006 3213 1056 3248 om.
1068 3198 1174 3249 Barbar.
1191 3198 1229 3249 At

106 3282 130 3316 v.
144 3266 248 3318 Gesner.
260 3270 319 3319 hist.
332 3270 411 3320 anim.
426 3274 448 3329 1,
461 3272 518 3318 tot.
532 3308 563 3317 -
582 3265 739 3328 adureretur,
751 3266 837 3316 RVd.
854 3263 1028 3328 adulterorum,
1039 3261 1091 3331 βγ.
1105 3306 1137 3314 ..
1155 3281 1227 3329 quoe-

106 3349 158 3396 φῑθ,
174 3335 207 3384 K
228 3374 259 3385 ..
287 3334 392 3399 adeoquo,
409 3336 473 3387 RV.
499 3332 528 3384 id
542 3336 660 3397 aequati.
684 3375 715 3384 ..
740 3341 876 3398 praeterea,
887 3333 1000 3385 RVTd.
1024 3340 1152 3398 praemon
1163 3332 1228 3395 lucia,

106 3404 180 3451 codd.
193 3403 305 3461 Barbari,
316 3399 346 3465 β.
364 3405 399 3454 V.
412 3404 468 3454 Geo
487 3418 528 3452 on.
541 3402 590 3453 XL
604 3408 643 3463 18,
656 3409 680 3453 a.

138 3471 207 3532 52⁰.
233 3483 436 3534 aeqaeetaeqaa,
480 3472 504 3520 d.
522 3485 604 3533 aucq:
617 3479 642 3520 ct
653 3485 734 3532 eaque,
746 3470 780 3520 V.
798 3476 878 3520 uacet
888 3485 938 3527 uec,
950 3464 1074 3533 Ββγ...
1092 3469 1228 3533 raria3pro

105 3537 166 3586 h.v.
183 3537 260 3587 habet
275 3539 371 3587 rombus
386 3539 418 3599 Β,
444 3537 576 3587 raribaoV
592 3534 678 3599 (codd.
690 3534 823 3600 Barbari),
849 3536 915 3585 ribos
930 3537 984 3587 Τά.
1011 3536 1149 3597 Incertum,
1165 3537 1228 3599 qaid

104 3605 203 3654 Plinius
219 3607 358 3670 scripserit3
376 3621 410 3657 ax
424 3606 539 3669 reliquiis
554 3607 692 3670 scripturae
704 3604 797 3654 coniici
807 3605 890 3668 possit
905 3618 963 3654 oum
979 3604 1021 3653 vel
1031 3602 1176 3653 aridioribus
1187 3605 1228 3654 vel

104 3669 241 3720 (imbribus
251 3674 375 3736 posuisse.
401 3671 612 3734 meabarim
636 3712 668 3721 -
694 3669 839 3731 walum,
855 3674 887 3723 Β.
913 3669 1171 3730 mdaoeaavre.
1195 3711 1226 3720 ..

104 3746 146 3799 ar,
158 3739 290 3790 RVTdr.
310 3741 368 3791 Om.
380 3735 409 3801 β.
423 3780 454 3790 ..
472 3756 550 3802 amo,
562 3741 594 3791 Β.
607 3779 639 3789 -
657 3738 787 3800 maasiae,
799 3739 832 3790 Β.
849 3737 1078 3800 mcdamaVTd.
1091 3779 1122 3788 ..
1142 3747 1227 3797 tamea

104 3805 136 3855 R.
151 3806 243 3857 'Omita
255 3808 311 3857 Vd.
324 3848 356 3857 -
374 3809 426 3871 ipro
437 3808 523 3857 cortica
534 3814 576 3867 art,
587 3806 640 3866 aab,
651 3821 703 3856 orn.
714 3806 749 3855 V.
766 3846 798 3855 ..
809 3804 884 3868 flore,
895 3806 979 3856 RVd.
993 3805 1091 3869 sarar.
1109 3805 1174 3869 qued
1184 3806 1227 3854 aab

103 3872 157 3935 ipso
168 3874 254 3922 cortica
265 3874 368 3936 estsere,
381 3883 493 3939 mertam,
504 3874 594 3925 Dalac.
614 3913 642 3922 ..
663 3873 692 3922 ob
703 3870 737 3933 id,
748 3874 805 3923 Vd.
826 3872 882 3932 obit,
893 3873 925 3923 R.
945 3912 976 3922 -
999 3872 1098 3934 conabo,
1110 3874 1172 3924 RV.
1191 3872 1227 3922 ia-

104 3940 160 4000 ciac,
173 3944 196 3991 d.
216 3982 247 3990 -
266 3941 408 4003 arcuatur,
421 3944 445 3992 d.
463 3942 617 4005 arsat-autur,
628 3941 662 3991 V.
679 3940 803 4003 atsemat,
815 3939 848 3989 Β.
867 3980 899 3988 -
917 3937 1041 4001 atocellb,
1052 3942 1087 3991 K.
1105 3979 1136 3990 ..
1159 3938 1227 3990 radi.

104 4007 254 4068 ct'a‚om.R.
279 4050 310 4059 ..
337 4008 514 4073 quinquefoliae
525 4007 667 4072 quaaav.
693 4005 924 4071 quiaqfoqaesoliu,
937 4008 961 4056 d.
986 4047 1017 4056 ..
1043 4006 1151 4069 Graccis,
1164 4009 1226 4059 RV.

108 4074 237 4137 Graecula,
249 4094 269 4127 r.
288 4093 300 4126 a
315 4076 423 4137 Graecia,
435 4080 451 4127 d
464 4075 550 4140 (codd.
564 4071 696 4139 (301.)ss7.
715 4090 732 4122 o
747 4072 880 4135 Graeculis,
891 4075 981 4124 Dalea

138 4145 207 4206 §²¹-
234 4145 388 4205 autem,Vd.
406 4145 508 4203 ΜΒ»
527 4184 558 4193 -
583 4141 716 4204 anatona,
728 4141 762 4191 V.
781 4180 813 4189 ..
834 4141 901 4202 vitas,
917 4132 1027 4190 OBVd.
1050 4139 1112 4202 vitta,
1124 4136 1174 4205 βγ.
1195 4183 1224 4190 ..

104 4211 198 4273 ορτίηιο,
211 4208 259 4260 dd.
278 4211 375 4274 ορίἰηια,
391 4203 480 4260 ORV.
500 4250 531 4259 ..
548 4209 656 4272 maulaio,
667 4210 722 4260 Vd.
740 4204 849 4272 aiaqalt'a
859 4207 891 4257 R.
904 4246 936 4256 -
955 4207 1043 4270 crebro,
1056 4208 1087 4259 Β.
1101 4248 1132 4257 ...
1151 4209 1226 4258 cirea-

96 4279 178 4340 fosat,
193 4279 216 4328 d.
235 4279 397 4341 cbcusoaaom,
408 4277 471 4327 RV.
491 4316 521 4326 ..
544 4274 601 4340 Qut,
613 4279 695 4327 omitt.
708 4278 769 4328 To:
