2754 4726
22 297 83 360 124
370 311 573 358 sarcarum
596 309 797 380 nrsronmn·

20 463 127 527 omnia
153 485 237 545 quae
265 461 402 525 resinam
434 461 544 526 ferunt
575 461 673 525 nimia
698 457 924 545 pinguitudine
953 457 986 520 in
1014 457 1143 522 taedam

20 576 197 640 mutantur3
220 576 253 626 et
274 585 347 626 cum
362 562 488 627 radices
501 583 630 646 quoque
643 561 852 646 pinguescere
867 579 1015 643 coepere,
1036 556 1142 622 inter-

20 678 97 730 eunt
123 678 161 729 ut
187 663 337 728 animalia
365 662 463 726 nimio
490 663 597 747 adipe,
626 661 798 745 aliquando
823 671 854 724 et
879 658 1063 745 pestilentia
1084 681 1143 744 per

18 787 150 852 genera,
178 764 261 829 sicut
286 763 373 828 inter
397 762 543 828 homines
564 785 649 826 nunc
674 761 816 851 servitia,
843 783 928 824 nunc
948 758 1062 846 plebes
1083 783 1142 824 ur·

18 865 105 930 bana
131 865 182 929 vel
209 863 339 929 rustica
382 862 642 928 Vermiculantur
668 861 772 949 magis
797 862 942 925 minusve
970 861 1141 944 quaedam,
1155 878 1206 923 aro

19 988 131 1031 omnes
151 975 258 1029 tamen
279 965 356 1041 fere,
377 962 473 1047 idque
495 985 571 1028 aves
593 963 664 1028 cavi
685 962 812 1027 corticis
826 983 905 1026 sono
920 961 1141 1047 experiuntur.

17 1064 88 1130 Iam
117 1065 247 1149 quidem
276 1078 310 1129 et
336 1064 398 1129 hoc
424 1064 458 1127 in
485 1063 612 1128 luxuria
639 1085 709 1127 esse
731 1062 837 1147 coepit
858 1062 1142 1148 praegrandesque

17 1165 170 1232 roborum
184 1164 367 1229 delicatiore
382 1177 457 1228 sunt
471 1163 505 1227 in
519 1163 748 1230 cibo-cossio
763 1173 1029 1246 vocant-atque
1042 1163 1142 1229 ctiam

17 1265 120 1331 farina
141 1265 279 1352 saginati
299 1264 335 1328 hi
355 1286 483 1350 quoque
504 1264 607 1330 altiles
627 1263 719 1327 liunt.
745 1262 900 1328 Maxume
914 1275 1021 1329 eutem
1041 1265 1140 1330 arbo·

17 1390 89 1432 rum
109 1366 171 1431 hoc
200 1366 342 1431 sentiunt
362 1364 436 1450 piri,
464 1365 550 1442 meli,
575 1364 644 1442 lici,
672 1364 776 1428 minus
804 1386 886 1448 quae
914 1386 1041 1429 amarae
1062 1376 1140 1430 sunt

17 1477 50 1531 et
70 1466 231 1532 odoratae.
267 1465 389 1530 Eorum
411 1466 467 1549 qui
489 1465 522 1530 in
543 1466 613 1530 ficis
639 1465 801 1530 exsistunt
825 1463 880 1528 alii
900 1475 1076 1530 nasormtur
1090 1454 1200 1531 'exact

15 1567 106 1653 ipsis,
134 1567 213 1632 alios
234 1566 318 1652 parit
338 1565 395 1649 qui
415 1577 550 1630 vocatur
571 1577 727 1642 cerastes;
757 1587 868 1629 omnes
895 1576 1001 1630 tamen
1027 1566 1061 1630 in
1082 1590 1139 1632 oe-

14 1678 123 1732 rasten
144 1666 323 1752 ligurantur
345 1687 524 1749 sonumque
545 1666 646 1729 edunt
666 1665 790 1750 parvoli
812 1665 967 1730 stridoris.
995 1664 1043 1730 Et
1064 1688 1138 1733 sor-

14 1765 76 1832 bus
97 1765 192 1830 arbor
211 1766 382 1831 infestatur
404 1765 586 1832 vermiculis
607 1765 685 1831 rufis
700 1789 739 1831 ac
753 1766 866 1851 pilosis
880 1777 974 1850 atque
988 1766 1034 1831 ita
1048 1791 1139 1833 emo-
1168 1782 1171 1795 '

14 1866 113 1945 ritur;
146 1867 281 1952 mespila
312 1889 440 1951 quoque
471 1867 505 1930 in
538 1876 667 1932 senecta
698 1867 837 1933 obnoxia
868 1867 897 1931 ei
929 1867 1040 1933 morbo
1072 1879 1135 1933 est·

15 1965 176 2034 Sideratio
199 1979 304 2033 totae
327 1969 416 2033 caelo
438 1979 574 2046 constat,
601 1978 801 2053 quapropter
829 1980 861 2032 et
887 1969 1010 2053 grando
1030 1968 1064 2032 in
1084 1969 1200 2035 hiem

14 2069 119 2134 causis
145 2068 288 2156 intellegi
316 2068 413 2134 debet
439 2080 472 2133 et
498 2068 741 2134 carbunculatio
774 2079 807 2132 et
833 2069 919 2152 quod
945 2069 1145 2154 pruinarum¹

13 2167 131 2233 iniuria
151 2169 268 2234 evenit.
291 2168 384 2232 Haec
406 2168 492 2233 enim
514 2191 612 2235 verno
634 2180 744 2256 tepore
757 2169 902 2235 invitatis
921 2181 952 2234 et
965 2193 1136 2258 erumpere

12 2266 203 2332 audentibus
226 2267 302 2332 satis
324 2268 473 2334 mollibus
494 2269 637 2334 insidens
658 2270 991 2351 adurit.lactescentis
1012 2271 1135 2357 germi-

12 2390 90 2432 num
110 2369 231 2447 oculos,
252 2369 339 2453 quod
360 2368 394 2432 in
415 2369 493 2435 flore
515 2370 745 2435 carbunculum
759 2384 882 2436 vocant.
903 2371 1043 2438 Pruinae
1056 2395 1135 2459 per·

12 2468 164 2534 niciosior
185 2480 309 2545 natura,
330 2470 480 2552 quoniam
502 2470 594 2556 lapsa
614 2472 756 2556 persidet
777 2474 927 2559 gelatque
948 2495 985 2538 ac
999 2495 1039 2539 ne
1053 2495 1136 2539 aura

11 2568 141 2651 quidem
162 2570 228 2635 ulla
249 2570 430 2656 depellitur,
460 2572 536 2655 quia
557 2594 622 2637 non
648 2573 686 2636 fit
706 2572 769 2638 nisi
790 2573 911 2639 inmoto
931 2596 1006 2639 aere
1027 2583 1060 2640 et
1079 2596 1134 2639 se*

11 2693 99 2735 reno.
131 2669 303 2756 Proprium
325 2683 432 2736 tamen
454 2672 655 2738 siderationis
678 2683 728 2739 est
748 2674 809 2740 sub
831 2687 905 2739 ortu
926 2673 1016 2739 canis
1037 2673 1134 2740 sicci-
1148 2687 1199 2732 ²²³

12 2772 127 2836 tatium
141 2795 251 2858 vapor,
274 2795 348 2837 cum
361 2772 457 2837 insita
471 2795 509 2837 ac
523 2773 667 2839 novellae
682 2774 812 2840 arbores
826 2775 1014 2853 moriuntur,
1036 2797 1134 2858 prae·

11 2873 105 2957 cipue
130 2873 211 2937 ficus
239 2883 271 2938 et
298 2873 390 2938 vites.
427 2871 510 2938 Olea
537 2886 667 2957 praeter
692 2876 1002 2952 vermiculationem,
1034 2897 1135 2960 quam

11 2995 113 3056 aeque
128 2968 173 3039 'ac
187 2974 267 3039 ficus
282 2975 389 3052 sentit,
412 2974 535 3038 clavom
557 2975 653 3039 etiam
674 2977 805 3058 patitur,
829 2976 896 3042 sive
911 2977 1046 3064 fungum
1060 2976 1134 3061 pla-

45 3195 131 3239 omnm,
141 3181 231 3230 Dalcc.
251 3222 281 3230 -
300 3191 395 3244 quanto,
407 3184 452 3231 ad.
471 3224 502 3232 -
518 3180 605 3245 plebes,
621 3173 670 3232 θα.
686 3180 760 3246 plebs,
772 3177 844 3246 ἀβγ.

45 3247 130 3306 9220.
159 3246 346 3307 ccvi,d(codd.
359 3249 430 3311 Gel.)
447 3249 510 3310 coni,
522 3266 545 3299 a.
565 3290 593 3299 ..
614 3248 734 3310 erlocin,
749 3241 849 3300 Oreo.
867 3245 1027 3310 etinkoest.
1042 3288 1070 3297 ..
1092 3247 1134 3297 de-

13 3309 131 3358 licatiores
142 3312 179 3359 uti
189 3311 221 3371 in,
233 3329 256 3361 a
274 3312 423 3362 delicatiores
434 3323 460 3362 ct
470 3316 502 3370 in,
515 3319 539 3364 d.
560 3357 586 3364 ..
608 3334 690 3376 cosses,
703 3320 747 3366 ad.
765 3333 849 3378 cosroe,
865 3311 918 3377 θβ.
937 3333 975 3364 eos
987 3333 1071 3374 cosroe,
1084 3333 1103 3366 r.

45 3379 131 3440 5221.
158 3378 337 3438 erebantad.
363 3389 426 3439 runt,
444 3384 475 3430 Τ.
501 3382 584 3431 Dera
600 3399 623 3432 v.
637 3386 767 3448 Theophr.
780 3386 836 3434 hist
849 3386 928 3447 plant
940 3385 988 3433 IV.
1003 3390 1042 3443 14,
1057 3390 1081 3433 5.
1100 3424 1134 3433 .-

12 3460 50 3504 es,
62 3447 86 3494 d.
104 3452 134 3503 et,
147 3461 170 3494 a.
187 3485 218 3493 -
236 3443 306 3504 aliua,
319 3463 342 3495 a.
356 3487 387 3494 -
405 3463 538 3509 sortemque,
551 3451 596 3497 ad.
613 3467 703 3512 sonam,
715 3469 735 3501 r.
749 3493 779 3500 -
798 3468 835 3512 ac,
851 3446 879 3501 θ.
898 3443 927 3511 el,
940 3453 1015 3515 Tdr.
1034 3451 1093 3502 Om.
1102 3446 1135 3512 β.

13 3552 45 3560 -
64 3509 169 3573 mespila,
183 3513 228 3561 ad.
255 3507 436 3576 nzerpilue,ssr.
464 3513 584 3563 Ceterum
604 3532 627 3564 v.
641 3519 774 3581 Theophr.
786 3521 804 3568 l.
816 3519 896 3568 1.ΙΙΙ.
912 3525 950 3579 12,
963 3523 986 3567 6.
1009 3559 1040 3567 ..
1067 3534 1134 3566 serre-

12 3585 81 3637 crue,
93 3579 148 3629 Td.
167 3620 198 3628 -
216 3579 324 3639 obnixae,
337 3582 361 3628 d.
381 3619 411 3628 ..
430 3580 462 3640 in,
476 3582 521 3630 ad.

46 3645 131 3706 5222.
158 3645 254 3706 ecoeb,
269 3637 369 3696 Orac.
395 3643 508 3708 coctast.
532 3689 563 3698 ..
590 3647 750 3712 etquodad.
779 3656 895 3713 etccdd.
909 3653 965 3705 Gel.
990 3694 1020 3702 ..
1048 3652 1137 3713 initote

13 3712 83 3772 vertit,
96 3731 118 3762 a.
138 3755 170 3762 ..
189 3716 352 3777 temporaad.
440 3731 443 3735 ·

46 3782 60 3844 §
74 3787 131 3830 223.
148 3782 191 3829 aab
203 3789 264 3842 ortu,
278 3776 376 3831 eran.
394 3782 425 3830 cb
437 3790 497 3843 ortu,
508 3778 538 3844 β.
557 3784 670 3849 Sumpsit
682 3788 746 3836 haec
757 3788 823 3838 Plin.
836 3805 870 3838 ex
882 3790 1013 3852 Theophr.
1023 3791 1055 3838 de
1064 3803 1135 3839 caua.

12 3848 91 3911 plant.
104 3849 138 3897 V.
152 3854 175 3907 9,
190 3854 212 3897 l.
231 3890 262 3898 ..
281 3848 312 3896 sit
323 3848 436 3910 niarium,
449 3852 494 3900 ad.
512 3851 651 3914 siccitatum,
662 3850 712 3918 βγ.
729 3895 752 3902 -
776 3855 856 3916 insitu,
869 3858 914 3907 Ta
924 3855 1011 3919 (codd.
1024 3855 1135 3906 Salmae.

13 3931 96 3965 exerc.
109 3932 134 3979 p.
148 3921 205 3965 ele.
218 3917 242 3965 b.
254 3915 302 3977 D.)
326 3915 419 3977 inritae,
432 3920 448 3967 d
453 3914 475 3979 β
479 3934 505 3984 γ.
525 3962 554 3970 ..
583 3919 642 3971 Olea
651 3929 748 3985 praeter
759 3925 813 3983 rel,
826 3925 934 3988 sumpsit
947 3925 1009 3973 baec
1020 3924 1087 3972 Plin.
1100 3937 1136 3972 ex

12 3983 143 4046 Theophr.
156 3984 215 4032 hist.
227 3985 306 4046 plant.
319 3984 365 4032 IV.
382 3991 420 4045 14,
435 3992 457 4035 l.
483 4028 512 4035 -
543 3986 755 4040 Cotodererust.
769 3994 792 4039 6.
816 4031 847 4040 ..
875 4000 898 4040 et
914 3990 995 4052 noua,
1013 3983 1135 4040 OTadr.

14 4049 87 4098 nimia
99 4058 128 4111 et,
140 4045 169 4110 β.
189 4091 219 4099 -
238 4050 342 4114 waraei,
354 4069 376 4101 a.

18 4183 23 4192 Ι
46 4116 132 4177 5224.
159 4125 193 4177 ut,
205 4122 240 4168 αἳ.
258 4121 340 4179 at,a¹.
359 4118 399 4180 cd,
412 4124 436 4170 d.
458 4162 486 4170 ..
505 4121 647 4183 torriciad.
667 4165 696 4174 ...
716 4124 837 4188 dirumpit,
849 4143 888 4176 ar.
912 4120 1082 4189 ενιιηῳίῖ,ἀβ.
1102 4167 1136 4174 -

14 4194 152 4245 rrmreecerrt,
164 4202 187 4235 a.
1114 4234 1117 4243 .

49 4252 133 4314 §m
162 4270 274 4317 morsque,
291 4248 368 4306 OTd.
388 4257 533 4319 morbusque,
545 4253 593 4318 ad.
614 4298 644 4306 ..
662 4257 759 4322 quitor,
772 4278 794 4310 a.
814 4301 843 4309 ..
868 4259 990 4325 herpiorm,
1003 4260 1096 4310 Dalec.
1109 4270 1136 4317 et
