<?xml version="1.0" encoding="UTF-8"?>
<!DOCTYPE html PUBLIC "-//W3C//DTD XHTML 1.0 Transitional//EN"
    "http://www.w3.org/TR/xhtml1/DTD/xhtml1-transitional.dtd">
<html xmlns="http://www.w3.org/1999/xhtml" xml:lang="en" lang="en">
 <head>
  <title>
</title>
<meta http-equiv="Content-Type" content="text/html;charset=utf-8" />
  <meta name='ocr-system' content='tesseract 3.04.00' />
  <meta name='ocr-capabilities' content='ocr_page ocr_carea ocr_par ocr_line ocrx_word'/>
</head>
<body>
  <div class='ocr_page' id='page_1' title='image "./cplinisecundina02grongoog_0349.png"; bbox 0 0 2754 4726; ppageno 0'>
   <div class='ocr_carea' id='block_1_1' title="bbox 151 296 1010 421">
    <p class='ocr_par' dir='ltr' id='par_1_1' title="bbox 151 296 1010 421">
     <span class='ocr_line' id='line_1_1' title="bbox 151 296 926 362; baseline -0.009 0"><span class='ocrx_word' id='word_1_1' title='bbox 151 296 214 362; x_wconf 82' lang='grc'>338</span> <span class='ocrx_word' id='word_1_2' title='bbox 504 308 709 357; x_wconf 74' lang='lat' dir='ltr'>usrnamrs</span> <span class='ocrx_word' id='word_1_3' title='bbox 731 308 926 357; x_wconf 76' lang='lat' dir='ltr'>meremus</span> 
     </span>
     <span class='ocr_line' id='line_1_2' title="bbox 1003 390 1010 421; baseline 0 0"><span class='ocrx_word' id='word_1_4' title='bbox 1003 390 1010 421; x_wconf 86' lang='lat' dir='ltr'>l</span> 
     </span>
    </p>
   </div>
   <div class='ocr_carea' id='block_1_2' title="bbox 66 457 1347 1654">
    <p class='ocr_par' dir='ltr' id='par_1_2' title="bbox 149 457 1342 1456">
     <span class='ocr_line' id='line_1_3' title="bbox 152 457 1339 550; baseline -0.008 -20"><span class='ocrx_word' id='word_1_5' title='bbox 152 461 381 550; x_wconf 80' lang='lat' dir='ltr'>strangulatus</span> <span class='ocrx_word' id='word_1_6' title='bbox 401 459 524 538; x_wconf 84' lang='lat' dir='ltr'>volvae,</span> <span class='ocrx_word' id='word_1_7' title='bbox 548 460 575 526; x_wconf 88' lang='lat' dir='ltr'>si</span> <span class='ocrx_word' id='word_1_8' title='bbox 596 460 806 526; x_wconf 89' lang='lat' dir='ltr'>manducetur</span> <span class='ocrx_word' id='word_1_9' title='bbox 827 470 859 525; x_wconf 91' lang='lat' dir='ltr'>et</span> <span class='ocrx_word' id='word_1_10' title='bbox 879 459 1000 524; x_wconf 89' lang='lat' dir='ltr'>linatur</span> <span class='ocrx_word' id='word_1_11' title='bbox 1021 457 1161 524; x_wconf 87' lang='lat' dir='ltr'>calidum</span> <span class='ocrx_word' id='word_1_12' title='bbox 1181 459 1236 526; x_wconf 84' lang='lat' dir='ltr'>vel</span> <span class='ocrx_word' id='word_1_13' title='bbox 1251 458 1280 526; x_wconf 84' lang='lat' dir='ltr'>sl</span> <span class='ocrx_word' id='word_1_14' title='bbox 1294 476 1339 522; x_wconf 79' lang='lat' dir='ltr'>rat</span> 
     </span>
     <span class='ocr_line' id='line_1_4' title="bbox 150 552 1280 646; baseline -0.003 -17"><span class='ocrx_word' id='word_1_15' title='bbox 150 563 279 631; x_wconf 81' lang='lat' dir='ltr'>bibetur</span> <span class='ocrx_word' id='word_1_16' title='bbox 308 584 382 628; x_wconf 87' lang='lat' dir='ltr'>eum</span> <span class='ocrx_word' id='word_1_17' title='bbox 408 571 553 627; x_wconf 88' lang='lat' dir='ltr'>castoreo</span> <span class='ocrx_word' id='word_1_18' title='bbox 579 562 613 626; x_wconf 91' lang='lat' dir='ltr'>in</span> <span class='ocrx_word' id='word_1_19' title='bbox 641 572 732 627; x_wconf 88' lang='lat' dir='ltr'>aceto</span> <span class='ocrx_word' id='word_1_20' title='bbox 754 552 787 626; x_wconf 84' lang='lat' dir='ltr'>et</span> <span class='ocrx_word' id='word_1_21' title='bbox 814 560 925 638; x_wconf 91' lang='lat' dir='ltr'>melle,</span> <span class='ocrx_word' id='word_1_22' title='bbox 952 554 1062 637; x_wconf 84' lang='lat' dir='ltr'>sedst3</span> <span class='ocrx_word' id='word_1_23' title='bbox 1099 560 1280 646; x_wconf 77' lang='lat' dir='ltr'><strong>vertigines</strong></span> 
     </span>
     <span class='ocr_line' id='line_1_5' title="bbox 151 660 1280 750; baseline -0.002 -20"><span class='ocrx_word' id='word_1_24' title='bbox 151 674 290 750; x_wconf 84' lang='lat' dir='ltr'>apertu</span> <span class='ocrx_word' id='word_1_25' title='bbox 311 685 384 729; x_wconf 91' lang='lat' dir='ltr'>cum</span> <span class='ocrx_word' id='word_1_26' title='bbox 407 662 529 729; x_wconf 88' lang='lat' dir='ltr'>semine</span> <span class='ocrx_word' id='word_1_27' title='bbox 549 662 729 728; x_wconf 76' lang='lat' dir='ltr'><strong>cucumeris</strong></span> <span class='ocrx_word' id='word_1_28' title='bbox 752 672 784 728; x_wconf 91' lang='lat' dir='ltr'>et</span> <span class='ocrx_word' id='word_1_29' title='bbox 805 661 863 726; x_wconf 92' lang='lat' dir='ltr'>lini</span> <span class='ocrx_word' id='word_1_30' title='bbox 884 660 955 748; x_wconf 86' lang='lat' dir='ltr'>pari</span> <span class='ocrx_word' id='word_1_31' title='bbox 977 680 1128 726; x_wconf 87' lang='lat' dir='ltr'>mensura</span> <span class='ocrx_word' id='word_1_32' title='bbox 1149 672 1280 728; x_wconf 88' lang='lat' dir='ltr'>ternum</span> 
     </span>
     <span class='ocr_line' id='line_1_6' title="bbox 151 761 1280 853; baseline -0.004 -20"><span class='ocrx_word' id='word_1_33' title='bbox 151 766 342 853; x_wconf 83' lang='lat' dir='ltr'>digitorum,</span> <span class='ocrx_word' id='word_1_34' title='bbox 372 764 440 829; x_wconf 88' lang='lat' dir='ltr'>vini</span> <span class='ocrx_word' id='word_1_35' title='bbox 467 764 533 830; x_wconf 84' lang='lat' dir='ltr'><strong>albi</strong></span> <span class='ocrx_word' id='word_1_36' title='bbox 555 761 658 828; x_wconf 87' lang='lat' dir='ltr'>tribus</span> <span class='ocrx_word' id='word_1_37' title='bbox 679 763 805 848; x_wconf 77' lang='lat' dir='ltr'>cyathis</span> <span class='ocrx_word' id='word_1_38' title='bbox 826 762 967 829; x_wconf 81' lang='lat' dir='ltr'>discutit.</span> <span class='ocrx_word' id='word_1_39' title='bbox 1003 761 1214 848; x_wconf 80' lang='lat' dir='ltr'>Tlepolemus</span> <span class='ocrx_word' id='word_1_40' title='bbox 1236 762 1280 828; x_wconf 88' lang='lat' dir='ltr'>ad</span> 
     </span>
     <span class='ocr_line' id='line_1_7' title="bbox 149 862 1280 952; baseline -0.003 -20"><span class='ocrx_word' id='word_1_41' title='bbox 149 878 326 952; x_wconf 87' lang='lat' dir='ltr'>quartanas</span> <span class='ocrx_word' id='word_1_42' title='bbox 348 866 449 932; x_wconf 89' lang='lat' dir='ltr'>ternis</span> <span class='ocrx_word' id='word_1_43' title='bbox 469 863 582 950; x_wconf 81' lang='lat' dir='ltr'>digitis</span> <span class='ocrx_word' id='word_1_44' title='bbox 603 864 734 929; x_wconf 89' lang='lat' dir='ltr'>seminis</span> <span class='ocrx_word' id='word_1_45' title='bbox 757 864 845 929; x_wconf 89' lang='lat' dir='ltr'>anesi</span> <span class='ocrx_word' id='word_1_46' title='bbox 867 874 899 928; x_wconf 89' lang='lat' dir='ltr'>et</span> <span class='ocrx_word' id='word_1_47' title='bbox 919 862 1049 928; x_wconf 78' lang='lat' dir='ltr'>feniculi</span> <span class='ocrx_word' id='word_1_48' title='bbox 1070 876 1150 928; x_wconf 82' lang='lat' dir='ltr'>usus</span> <span class='ocrx_word' id='word_1_49' title='bbox 1171 865 1280 929; x_wconf 89' lang='lat' dir='ltr'>estin</span> 
     </span>
     <span class='ocr_line' id='line_1_8' title="bbox 150 962 1342 1049; baseline -0.007 -16"><span class='ocrx_word' id='word_1_50' title='bbox 150 976 240 1033; x_wconf 85' lang='lat' dir='ltr'>aceto</span> <span class='ocrx_word' id='word_1_51' title='bbox 268 979 301 1032; x_wconf 91' lang='lat' dir='ltr'>et</span> <span class='ocrx_word' id='word_1_52' title='bbox 326 966 430 1032; x_wconf 87' lang='lat' dir='ltr'>mellis</span> <span class='ocrx_word' id='word_1_53' title='bbox 456 964 572 1049; x_wconf 83' lang='lat' dir='ltr'>cyatho</span> <span class='ocrx_word' id='word_1_54' title='bbox 597 986 673 1030; x_wconf 91' lang='lat' dir='ltr'>uno.</span> <span class='ocrx_word' id='word_1_55' title='bbox 716 964 816 1030; x_wconf 81' lang='lat' dir='ltr'>Lenit</span> <span class='ocrx_word' id='word_1_56' title='bbox 842 963 1020 1029; x_wconf 88' lang='lat' dir='ltr'>articularis</span> <span class='ocrx_word' id='word_1_57' title='bbox 1047 962 1178 1029; x_wconf 85' lang='lat' dir='ltr'>morbos</span> <span class='ocrx_word' id='word_1_58' title='bbox 1204 984 1281 1030; x_wconf 81' lang='lat' dir='ltr'>mun</span> <span class='ocrx_word' id='word_1_59' title='bbox 1296 983 1342 1027; x_wconf 82' lang='lat' dir='ltr'>ras</span> 
     </span>
     <span class='ocr_line' id='line_1_9' title="bbox 150 1064 1280 1151; baseline -0.001 -18"><span class='ocrx_word' id='word_1_60' title='bbox 150 1069 267 1134; x_wconf 83' lang='lat' dir='ltr'>amaris</span> <span class='ocrx_word' id='word_1_61' title='bbox 288 1068 424 1135; x_wconf 88' lang='lat' dir='ltr'>nucibus</span> <span class='ocrx_word' id='word_1_62' title='bbox 445 1066 581 1131; x_wconf 90' lang='lat' dir='ltr'>inlitum.</span> <span class='ocrx_word' id='word_1_63' title='bbox 604 1064 689 1131; x_wconf 87' lang='lat' dir='ltr'>Sunt</span> <span class='ocrx_word' id='word_1_64' title='bbox 710 1066 767 1150; x_wconf 91' lang='lat' dir='ltr'>qui</span> <span class='ocrx_word' id='word_1_65' title='bbox 788 1077 822 1131; x_wconf 89' lang='lat' dir='ltr'>et</span> <span class='ocrx_word' id='word_1_66' title='bbox 842 1065 993 1151; x_wconf 90' lang='lat' dir='ltr'>aspidum</span> <span class='ocrx_word' id='word_1_67' title='bbox 1014 1065 1147 1131; x_wconf 88' lang='lat' dir='ltr'>venenis</span> <span class='ocrx_word' id='word_1_68' title='bbox 1160 1065 1280 1132; x_wconf 85' lang='lat' dir='ltr'>adver·</span> 
     </span>
     <span class='ocr_line' id='line_1_10' title="bbox 151 1165 1280 1252; baseline -0.001 -17"><span class='ocrx_word' id='word_1_69' title='bbox 151 1170 215 1235; x_wconf 87' lang='lat' dir='ltr'>sari</span> <span class='ocrx_word' id='word_1_70' title='bbox 235 1179 383 1233; x_wconf 89' lang='lat' dir='ltr'>naturam</span> <span class='ocrx_word' id='word_1_71' title='bbox 405 1168 475 1233; x_wconf 89' lang='lat' dir='ltr'>eius</span> <span class='ocrx_word' id='word_1_72' title='bbox 496 1177 621 1252; x_wconf 91' lang='lat' dir='ltr'>putent.</span> <span class='ocrx_word' id='word_1_73' title='bbox 643 1165 780 1232; x_wconf 89' lang='lat' dir='ltr'>Urinam</span> <span class='ocrx_word' id='word_1_74' title='bbox 802 1169 874 1244; x_wconf 82' lang='lat' dir='ltr'>ciet,</span> <span class='ocrx_word' id='word_1_75' title='bbox 897 1166 983 1231; x_wconf 92' lang='lat' dir='ltr'>sitim</span> <span class='ocrx_word' id='word_1_76' title='bbox 1005 1165 1149 1245; x_wconf 79' lang='lat' dir='ltr'>cohibet,</span> <span class='ocrx_word' id='word_1_77' title='bbox 1176 1188 1280 1234; x_wconf 89' lang='lat' dir='ltr'>vene-</span> 
     </span>
     <span class='ocr_line' id='line_1_11' title="bbox 149 1267 1282 1352; baseline -0.002 -16"><span class='ocrx_word' id='word_1_78' title='bbox 149 1291 218 1336; x_wconf 87' lang='lat' dir='ltr'>rem</span> <span class='ocrx_word' id='word_1_79' title='bbox 240 1269 392 1346; x_wconf 90' lang='lat' dir='ltr'>stimulat‚</span> <span class='ocrx_word' id='word_1_80' title='bbox 415 1291 488 1333; x_wconf 91' lang='lat' dir='ltr'>cum</span> <span class='ocrx_word' id='word_1_81' title='bbox 509 1269 585 1333; x_wconf 88' lang='lat' dir='ltr'>vino</span> <span class='ocrx_word' id='word_1_82' title='bbox 600 1267 750 1333; x_wconf 90' lang='lat' dir='ltr'>sudorem</span> <span class='ocrx_word' id='word_1_83' title='bbox 768 1268 885 1333; x_wconf 89' lang='lat' dir='ltr'>leniter</span> <span class='ocrx_word' id='word_1_84' title='bbox 898 1277 1050 1352; x_wconf 88' lang='lat' dir='ltr'>praestat,</span> <span class='ocrx_word' id='word_1_85' title='bbox 1074 1267 1174 1333; x_wconf 89' lang='lat' dir='ltr'>vestis</span> <span class='ocrx_word' id='word_1_86' title='bbox 1196 1288 1282 1352; x_wconf 89' lang='lat' dir='ltr'>que·</span> 
     </span>
     <span class='ocr_line' id='line_1_12' title="bbox 151 1366 1281 1456; baseline -0.003 -19"><span class='ocrx_word' id='word_1_87' title='bbox 151 1394 215 1456; x_wconf 87' lang='lat' dir='ltr'>que</span> <span class='ocrx_word' id='word_1_88' title='bbox 228 1394 248 1436; x_wconf 89' lang='lat' dir='ltr'>a</span> <span class='ocrx_word' id='word_1_89' title='bbox 263 1371 358 1436; x_wconf 92' lang='lat' dir='ltr'>tineis</span> <span class='ocrx_word' id='word_1_90' title='bbox 372 1369 526 1436; x_wconf 82' lang='lat' dir='ltr'>defendit.</span> <span class='ocrx_word' id='word_1_91' title='bbox 548 1367 723 1433; x_wconf 79' lang='lat' dir='ltr'>Efficacius</span> <span class='ocrx_word' id='word_1_92' title='bbox 743 1390 870 1455; x_wconf 86' lang='lat' dir='ltr'>semper</span> <span class='ocrx_word' id='word_1_93' title='bbox 888 1389 1000 1433; x_wconf 88' lang='lat' dir='ltr'>recens</span> <span class='ocrx_word' id='word_1_94' title='bbox 1014 1366 1047 1433; x_wconf 86' lang='lat' dir='ltr'>et</span> <span class='ocrx_word' id='word_1_95' title='bbox 1061 1389 1127 1451; x_wconf 90' lang='lat' dir='ltr'>quo</span> <span class='ocrx_word' id='word_1_96' title='bbox 1139 1366 1281 1455; x_wconf 87' lang='lat' dir='ltr'>nigrius,</span> 
     </span>
    </p>

    <p class='ocr_par' dir='ltr' id='par_1_3' title="bbox 66 1469 967 1555">
     <span class='ocr_line' id='line_1_13' title="bbox 66 1469 967 1555; baseline -0.004 -17"><span class='ocrx_word' id='word_1_97' title='bbox 66 1532 69 1537; x_wconf 84' lang='lat'>.</span> <span class='ocrx_word' id='word_1_98' title='bbox 152 1473 316 1538; x_wconf 79' lang='lat' dir='ltr'>stomacho</span> <span class='ocrx_word' id='word_1_99' title='bbox 338 1484 445 1537; x_wconf 87' lang='lat' dir='ltr'>tamen</span> <span class='ocrx_word' id='word_1_100' title='bbox 466 1470 580 1535; x_wconf 92' lang='lat' dir='ltr'>inutile</span> <span class='ocrx_word' id='word_1_101' title='bbox 601 1480 826 1555; x_wconf 85' lang='lat' dir='ltr'>praeterquam</span> <span class='ocrx_word' id='word_1_102' title='bbox 847 1469 967 1534; x_wconf 88' lang='lat' dir='ltr'>inflato.</span> 
     </span>
    </p>

    <p class='ocr_par' dir='ltr' id='par_1_4' title="bbox 193 1569 1347 1654">
     <span class='ocr_line' id='line_1_14' title="bbox 193 1569 1347 1654; baseline -0.009 -16"><span class='ocrx_word' id='word_1_103' title='bbox 193 1573 325 1642; x_wconf 87' lang='lat' dir='ltr'>XVIII.</span> <span class='ocrx_word' id='word_1_104' title='bbox 348 1574 401 1637; x_wconf 80' lang='lat'>74.</span> <span class='ocrx_word' id='word_1_105' title='bbox 422 1572 564 1637; x_wconf 89' lang='lat' dir='ltr'>Anetum</span> <span class='ocrx_word' id='word_1_106' title='bbox 583 1593 712 1654; x_wconf 87' lang='lat' dir='ltr'>queque</span> <span class='ocrx_word' id='word_1_107' title='bbox 731 1581 843 1636; x_wconf 89' lang='lat' dir='ltr'>ructus</span> <span class='ocrx_word' id='word_1_108' title='bbox 856 1581 963 1635; x_wconf 90' lang='lat' dir='ltr'>movet</span> <span class='ocrx_word' id='word_1_109' title='bbox 978 1582 1011 1635; x_wconf 92' lang='lat' dir='ltr'>et</span> <span class='ocrx_word' id='word_1_110' title='bbox 1026 1569 1162 1635; x_wconf 88' lang='lat' dir='ltr'>tormina</span> <span class='ocrx_word' id='word_1_111' title='bbox 1176 1571 1282 1652; x_wconf 83' lang='lat' dir='ltr'>sedat,</span> <span class='ocrx_word' id='word_1_112' title='bbox 1299 1586 1347 1631; x_wconf 80' lang='lat' dir='ltr'>ras</span> 
     </span>
    </p>
   </div>
   <div class='ocr_carea' id='block_1_3' title="bbox 41 1671 1284 1760">
    <p class='ocr_par' dir='ltr' id='par_1_5' title="bbox 41 1671 1284 1760">
     <span class='ocr_line' id='line_1_15' title="bbox 41 1671 1284 1760; baseline 0.001 -23"><span class='ocrx_word' id='word_1_113' title='bbox 41 1730 44 1737; x_wconf 89' lang='lat'>.</span> <span class='ocrx_word' id='word_1_114' title='bbox 151 1673 255 1739; x_wconf 86' lang='lat' dir='ltr'>alvom</span> <span class='ocrx_word' id='word_1_115' title='bbox 278 1675 380 1750; x_wconf 86' lang='lat' dir='ltr'>sistit3</span> <span class='ocrx_word' id='word_1_116' title='bbox 422 1671 586 1760; x_wconf 88' lang='lat' dir='ltr'>epiphoris</span> <span class='ocrx_word' id='word_1_117' title='bbox 607 1672 731 1738; x_wconf 87' lang='lat' dir='ltr'>radices</span> <span class='ocrx_word' id='word_1_118' title='bbox 753 1673 932 1737; x_wconf 88' lang='lat' dir='ltr'>inlinuntur</span> <span class='ocrx_word' id='word_1_119' title='bbox 952 1693 993 1736; x_wconf 89' lang='lat' dir='ltr'>ex</span> <span class='ocrx_word' id='word_1_120' title='bbox 1015 1693 1100 1754; x_wconf 89' lang='lat' dir='ltr'>aqua</span> <span class='ocrx_word' id='word_1_121' title='bbox 1120 1672 1172 1737; x_wconf 86' lang='lat' dir='ltr'>vel</span> <span class='ocrx_word' id='word_1_122' title='bbox 1192 1671 1284 1739; x_wconf 86' lang='lat' dir='ltr'>vine.</span> 
     </span>
    </p>
   </div>
   <div class='ocr_carea' id='block_1_4' title="bbox 153 1771 1348 2363">
    <p class='ocr_par' dir='ltr' id='par_1_6' title="bbox 153 1771 1285 2066">
     <span class='ocr_line' id='line_1_16' title="bbox 154 1771 1285 1862; baseline 0.001 -23"><span class='ocrx_word' id='word_1_123' title='bbox 154 1771 325 1862; x_wconf 84' lang='lat' dir='ltr'>Singultus</span> <span class='ocrx_word' id='word_1_124' title='bbox 346 1772 472 1839; x_wconf 86' lang='lat' dir='ltr'>cohibet</span> <span class='ocrx_word' id='word_1_125' title='bbox 493 1795 601 1837; x_wconf 88' lang='lat' dir='ltr'>semen</span> <span class='ocrx_word' id='word_1_126' title='bbox 620 1771 749 1837; x_wconf 88' lang='lat' dir='ltr'>fervens</span> <span class='ocrx_word' id='word_1_127' title='bbox 764 1773 921 1849; x_wconf 83' lang='lat' dir='ltr'>olefactu3</span> <span class='ocrx_word' id='word_1_128' title='bbox 946 1781 1111 1857; x_wconf 88' lang='lat' dir='ltr'>sumptum</span> <span class='ocrx_word' id='word_1_129' title='bbox 1132 1795 1175 1838; x_wconf 88' lang='lat' dir='ltr'>ex</span> <span class='ocrx_word' id='word_1_130' title='bbox 1196 1794 1285 1859; x_wconf 85' lang='lat' dir='ltr'>aqua</span> 
     </span>
     <span class='ocr_line' id='line_1_17' title="bbox 153 1871 1285 1956; baseline 0.001 -15"><span class='ocrx_word' id='word_1_131' title='bbox 153 1875 244 1941; x_wconf 87' lang='lat' dir='ltr'>sedat</span> <span class='ocrx_word' id='word_1_132' title='bbox 264 1875 468 1942; x_wconf 82' lang='lat' dir='ltr'>cruditates.‘</span> <span class='ocrx_word' id='word_1_133' title='bbox 487 1871 579 1938; x_wconf 84' lang='lat' dir='ltr'>Ciuis</span> <span class='ocrx_word' id='word_1_134' title='bbox 606 1873 677 1939; x_wconf 88' lang='lat' dir='ltr'>eius</span> <span class='ocrx_word' id='word_1_135' title='bbox 699 1895 794 1940; x_wconf 84' lang='lat' dir='ltr'>uvam</span> <span class='ocrx_word' id='word_1_136' title='bbox 821 1874 856 1938; x_wconf 92' lang='lat' dir='ltr'>in</span> <span class='ocrx_word' id='word_1_137' title='bbox 876 1872 1024 1938; x_wconf 89' lang='lat' dir='ltr'>faucibus</span> <span class='ocrx_word' id='word_1_138' title='bbox 1045 1874 1149 1956; x_wconf 81' lang='lat' dir='ltr'>levat,</span> <span class='ocrx_word' id='word_1_139' title='bbox 1170 1876 1285 1942; x_wconf 89' lang='lat' dir='ltr'>oculos</span> 
     </span>
     <span class='ocr_line' id='line_1_18' title="bbox 153 1975 553 2066; baseline -0.008 -23"><span class='ocrx_word' id='word_1_140' title='bbox 153 1988 187 2043; x_wconf 90' lang='lat' dir='ltr'>ct</span> <span class='ocrx_word' id='word_1_141' title='bbox 207 1977 392 2066; x_wconf 82' lang='lat' dir='ltr'>genituram</span> <span class='ocrx_word' id='word_1_142' title='bbox 412 1975 553 2042; x_wconf 83' lang='lat' dir='ltr'>hebetat</span> 
     </span>
    </p>

    <p class='ocr_par' dir='ltr' id='par_1_7' title="bbox 153 2076 1348 2363">
     <span class='ocr_line' id='line_1_19' title="bbox 196 2076 1348 2164; baseline 0.001 -20"><span class='ocrx_word' id='word_1_143' title='bbox 196 2080 249 2146; x_wconf 76' lang='lat'>75.</span> <span class='ocrx_word' id='word_1_144' title='bbox 281 2077 498 2164; x_wconf 86' lang='lat' dir='ltr'>Sacopenium</span> <span class='ocrx_word' id='word_1_145' title='bbox 524 2076 611 2161; x_wconf 90' lang='lat' dir='ltr'>quod</span> <span class='ocrx_word' id='word_1_146' title='bbox 638 2076 725 2160; x_wconf 87' lang='lat' dir='ltr'>apud</span> <span class='ocrx_word' id='word_1_147' title='bbox 747 2099 806 2142; x_wconf 88' lang='lat' dir='ltr'>nos</span> <span class='ocrx_word' id='word_1_148' title='bbox 827 2076 975 2164; x_wconf 85' lang='lat' dir='ltr'>gignitur</span> <span class='ocrx_word' id='word_1_149' title='bbox 995 2076 1029 2141; x_wconf 89' lang='lat' dir='ltr'>in</span> <span class='ocrx_word' id='word_1_150' title='bbox 1052 2087 1154 2142; x_wconf 88' lang='lat' dir='ltr'>totum</span> <span class='ocrx_word' id='word_1_151' title='bbox 1175 2088 1348 2146; x_wconf 80' lang='lat' dir='ltr'>trans-1⁹⁷</span> 
     </span>
     <span class='ocr_line' id='line_1_20' title="bbox 153 2175 1285 2257; baseline 0.002 -14"><span class='ocrx_word' id='word_1_152' title='bbox 153 2179 277 2243; x_wconf 91' lang='lat' dir='ltr'>marino</span> <span class='ocrx_word' id='word_1_153' title='bbox 291 2178 464 2253; x_wconf 64' lang='lat' dir='ltr'>alienatum</span> <span class='ocrx_word' id='word_1_154' title='bbox 491 2175 679 2257; x_wconf 83' lang='lat' dir='ltr'>illudenim</span> <span class='ocrx_word' id='word_1_155' title='bbox 701 2176 912 2243; x_wconf 86' lang='lat' dir='ltr'>hammoniaci</span> <span class='ocrx_word' id='word_1_156' title='bbox 929 2176 1076 2243; x_wconf 89' lang='lat' dir='ltr'>lacrimae</span> <span class='ocrx_word' id='word_1_157' title='bbox 1104 2178 1207 2242; x_wconf 88' lang='lat' dir='ltr'>simile</span> <span class='ocrx_word' id='word_1_158' title='bbox 1231 2202 1285 2245; x_wconf 88' lang='lat' dir='ltr'>sa·</span> 
     </span>
     <span class='ocr_line' id='line_1_21' title="bbox 153 2276 1284 2363; baseline 0.004 -22"><span class='ocrx_word' id='word_1_159' title='bbox 153 2297 303 2363; x_wconf 79' lang='lat' dir='ltr'>gapenum</span> <span class='ocrx_word' id='word_1_160' title='bbox 323 2286 467 2342; x_wconf 80' lang='lat' dir='ltr'>vocatur.</span> <span class='ocrx_word' id='word_1_161' title='bbox 489 2276 630 2342; x_wconf 86' lang='lat' dir='ltr'>Prodest</span> <span class='ocrx_word' id='word_1_162' title='bbox 650 2277 787 2344; x_wconf 88' lang='lat' dir='ltr'>laterum</span> <span class='ocrx_word' id='word_1_163' title='bbox 805 2288 836 2344; x_wconf 92' lang='lat' dir='ltr'>et</span> <span class='ocrx_word' id='word_1_164' title='bbox 853 2279 993 2363; x_wconf 86' lang='lat' dir='ltr'>pectoris</span> <span class='ocrx_word' id='word_1_165' title='bbox 1006 2276 1181 2357; x_wconf 89' lang='lat' dir='ltr'>doloribus,</span> <span class='ocrx_word' id='word_1_166' title='bbox 1204 2301 1284 2345; x_wconf 85' lang='lat' dir='ltr'>con-</span> 
     </span>
    </p>
   </div>
   <div class='ocr_carea' id='block_1_5' title="bbox 117 2375 1344 3072">
    <p class='ocr_par' dir='ltr' id='par_1_8' title="bbox 154 2375 1285 2849">
     <span class='ocr_line' id='line_1_22' title="bbox 154 2375 1285 2466; baseline 0.004 -24"><span class='ocrx_word' id='word_1_167' title='bbox 154 2377 271 2456; x_wconf 87' lang='lat' dir='ltr'>volsis,</span> <span class='ocrx_word' id='word_1_168' title='bbox 305 2375 448 2443; x_wconf 87' lang='lat' dir='ltr'>tussibus</span> <span class='ocrx_word' id='word_1_169' title='bbox 475 2377 608 2442; x_wconf 89' lang='lat' dir='ltr'>vetustis</span> <span class='ocrx_word' id='word_1_170' title='bbox 637 2379 988 2464; x_wconf 87' lang='lat' dir='ltr'>exscreationibusque,</span> <span class='ocrx_word' id='word_1_171' title='bbox 1020 2380 1285 2466; x_wconf 88' lang='lat' dir='ltr'>praecordiorum</span> 
     </span>
     <span class='ocr_line' id='line_1_23' title="bbox 154 2476 1284 2568; baseline 0.004 -26"><span class='ocrx_word' id='word_1_172' title='bbox 154 2476 348 2557; x_wconf 84' lang='lat' dir='ltr'>tumoribus3</span> <span class='ocrx_word' id='word_1_173' title='bbox 396 2488 490 2543; x_wconf 87' lang='lat' dir='ltr'>sanat</span> <span class='ocrx_word' id='word_1_174' title='bbox 521 2488 554 2544; x_wconf 93' lang='lat' dir='ltr'>et</span> <span class='ocrx_word' id='word_1_175' title='bbox 584 2478 777 2564; x_wconf 82' lang='lat' dir='ltr'>vertigines,</span> <span class='ocrx_word' id='word_1_176' title='bbox 816 2481 984 2558; x_wconf 88' lang='lat' dir='ltr'>tremulos,</span> <span class='ocrx_word' id='word_1_177' title='bbox 1017 2478 1284 2568; x_wconf 80' lang='lat' dir='ltr'>opisthotonicos,</span> 
     </span>
     <span class='ocr_line' id='line_1_24' title="bbox 154 2578 1283 2665; baseline 0.004 -23"><span class='ocrx_word' id='word_1_178' title='bbox 154 2578 265 2657; x_wconf 88' lang='lat' dir='ltr'>lienes,</span> <span class='ocrx_word' id='word_1_179' title='bbox 286 2579 425 2660; x_wconf 89' lang='lat' dir='ltr'>lumbos,</span> <span class='ocrx_word' id='word_1_180' title='bbox 454 2579 687 2665; x_wconf 87' lang='lat' dir='ltr'>perfrictiones.</span> <span class='ocrx_word' id='word_1_181' title='bbox 721 2581 828 2647; x_wconf 88' lang='lat' dir='ltr'>Datur</span> <span class='ocrx_word' id='word_1_182' title='bbox 842 2582 1058 2648; x_wconf 86' lang='lat' dir='ltr'>olfactandum</span> <span class='ocrx_word' id='word_1_183' title='bbox 1073 2606 1114 2648; x_wconf 87' lang='lat' dir='ltr'>ex</span> <span class='ocrx_word' id='word_1_184' title='bbox 1134 2593 1226 2647; x_wconf 90' lang='lat' dir='ltr'>aceto</span> <span class='ocrx_word' id='word_1_185' title='bbox 1247 2582 1283 2651; x_wconf 93' lang='lat' dir='ltr'>in</span> 
     </span>
     <span class='ocr_line' id='line_1_25' title="bbox 155 2682 1282 2768; baseline 0.002 -22"><span class='ocrx_word' id='word_1_186' title='bbox 155 2683 358 2768; x_wconf 88' lang='lat' dir='ltr'>strangulatu</span> <span class='ocrx_word' id='word_1_187' title='bbox 380 2682 510 2761; x_wconf 91' lang='lat' dir='ltr'>volvae;</span> <span class='ocrx_word' id='word_1_188' title='bbox 533 2682 645 2746; x_wconf 91' lang='lat' dir='ltr'>ceteris</span> <span class='ocrx_word' id='word_1_189' title='bbox 668 2693 700 2747; x_wconf 91' lang='lat' dir='ltr'>et</span> <span class='ocrx_word' id='word_1_190' title='bbox 720 2683 811 2767; x_wconf 90' lang='lat' dir='ltr'>potui</span> <span class='ocrx_word' id='word_1_191' title='bbox 833 2684 927 2747; x_wconf 87' lang='lat' dir='ltr'>datur</span> <span class='ocrx_word' id='word_1_192' title='bbox 949 2694 981 2749; x_wconf 92' lang='lat' dir='ltr'>et</span> <span class='ocrx_word' id='word_1_193' title='bbox 1003 2703 1076 2749; x_wconf 90' lang='lat' dir='ltr'>cum</span> <span class='ocrx_word' id='word_1_194' title='bbox 1097 2684 1166 2749; x_wconf 88' lang='lat' dir='ltr'>oleo</span> <span class='ocrx_word' id='word_1_195' title='bbox 1186 2682 1282 2748; x_wconf 87' lang='lat' dir='ltr'>infri-</span> 
     </span>
     <span class='ocr_line' id='line_1_26' title="bbox 154 2782 974 2849; baseline 0.002 -3"><span class='ocrx_word' id='word_1_196' title='bbox 154 2792 255 2847; x_wconf 87' lang='lat' dir='ltr'>catur.</span> <span class='ocrx_word' id='word_1_197' title='bbox 282 2782 421 2848; x_wconf 89' lang='lat' dir='ltr'>Prodest</span> <span class='ocrx_word' id='word_1_198' title='bbox 443 2793 475 2848; x_wconf 92' lang='lat' dir='ltr'>et</span> <span class='ocrx_word' id='word_1_199' title='bbox 496 2794 605 2847; x_wconf 85' lang='lat' dir='ltr'>contra</span> <span class='ocrx_word' id='word_1_200' title='bbox 626 2783 711 2847; x_wconf 90' lang='lat' dir='ltr'>mala</span> <span class='ocrx_word' id='word_1_201' title='bbox 732 2784 974 2849; x_wconf 88' lang='lat' dir='ltr'>medicamenta.</span> 
     </span>
    </p>

    <p class='ocr_par' dir='ltr' id='par_1_9' title="bbox 117 2878 1344 3072">
     <span class='ocr_line' id='line_1_27' title="bbox 198 2878 1344 2972; baseline 0.006 -27"><span class='ocrx_word' id='word_1_202' title='bbox 198 2883 249 2947; x_wconf 80' lang='lat'>76.</span> <span class='ocrx_word' id='word_1_203' title='bbox 270 2882 448 2969; x_wconf 81' lang='lat' dir='ltr'>Papaveris</span> <span class='ocrx_word' id='word_1_204' title='bbox 471 2883 563 2949; x_wconf 89' lang='lat' dir='ltr'>sativi</span> <span class='ocrx_word' id='word_1_205' title='bbox 586 2883 648 2948; x_wconf 88' lang='lat' dir='ltr'>tria</span> <span class='ocrx_word' id='word_1_206' title='bbox 669 2882 809 2949; x_wconf 86' lang='lat' dir='ltr'>diximus</span> <span class='ocrx_word' id='word_1_207' title='bbox 824 2907 944 2972; x_wconf 87' lang='lat' dir='ltr'>genera</span> <span class='ocrx_word' id='word_1_208' title='bbox 963 2895 996 2951; x_wconf 90' lang='lat' dir='ltr'>et</span> <span class='ocrx_word' id='word_1_209' title='bbox 1015 2878 1129 2972; x_wconf 86' lang='lat' dir='ltr'>sponte</span> <span class='ocrx_word' id='word_1_210' title='bbox 1142 2908 1280 2952; x_wconf 89' lang='lat' dir='ltr'>nascen-</span> <span class='ocrx_word' id='word_1_211' title='bbox 1297 2899 1344 2944; x_wconf 81' lang='lat'>¹⁹8</span> 
     </span>
     <span class='ocr_line' id='line_1_28' title="bbox 117 2980 1281 3072; baseline 0.008 -28"><span class='ocrx_word' id='word_1_212' title='bbox 117 3026 121 3031; x_wconf 90' lang='lat'><em>-</em></span> <span class='ocrx_word' id='word_1_213' title='bbox 156 2980 198 3046; x_wconf 89' lang='lat' dir='ltr'>tis</span> <span class='ocrx_word' id='word_1_214' title='bbox 226 2983 288 3049; x_wconf 89' lang='lat' dir='ltr'>alia</span> <span class='ocrx_word' id='word_1_215' title='bbox 313 2985 528 3071; x_wconf 87' lang='lat' dir='ltr'>promisimus.</span> <span class='ocrx_word' id='word_1_216' title='bbox 563 2984 728 3050; x_wconf 81' lang='lat' dir='ltr'>Esativis</span> <span class='ocrx_word' id='word_1_217' title='bbox 755 2985 819 3051; x_wconf 87' lang='lat' dir='ltr'>albi</span> <span class='ocrx_word' id='word_1_218' title='bbox 848 2986 942 3070; x_wconf 85' lang='lat' dir='ltr'>calyx</span> <span class='ocrx_word' id='word_1_219' title='bbox 968 2986 1039 3072; x_wconf 87' lang='lat' dir='ltr'>ipse</span> <span class='ocrx_word' id='word_1_220' title='bbox 1066 2986 1178 3052; x_wconf 90' lang='lat' dir='ltr'>teritur</span> <span class='ocrx_word' id='word_1_221' title='bbox 1204 2998 1281 3053; x_wconf 91' lang='lat' dir='ltr'>ete</span> 
     </span>
    </p>
   </div>
   <div class='ocr_carea' id='block_1_6' title="bbox 189 3118 1279 3189">
    <p class='ocr_par' dir='ltr' id='par_1_10' title="bbox 189 3118 1279 3189">
     <span class='ocr_line' id='line_1_29' title="bbox 189 3118 1279 3189; baseline 0.004 -17"><span class='ocrx_word' id='word_1_222' title='bbox 189 3122 275 3186; x_wconf 70' lang='grc' dir='ltr'><strong>ξ194.</strong></span> <span class='ocrx_word' id='word_1_223' title='bbox 298 3122 476 3189; x_wconf 78' lang='lat' dir='ltr'>Stranyalataa,</span> <span class='ocrx_word' id='word_1_224' title='bbox 492 3118 622 3175; x_wconf 73' lang='lat' dir='ltr'>OVTad.</span> <span class='ocrx_word' id='word_1_225' title='bbox 646 3121 862 3188; x_wconf 71' lang='lat' dir='ltr'>strangulationes,</span> <span class='ocrx_word' id='word_1_226' title='bbox 877 3120 907 3188; x_wconf 79' lang='grc' dir='ltr'><em>β</em></span> <span class='ocrx_word' id='word_1_227' title='bbox 927 3167 957 3175; x_wconf 89' lang='grc'>..</span> <span class='ocrx_word' id='word_1_228' title='bbox 982 3125 1092 3188; x_wconf 83' lang='lat' dir='ltr'>incesto,</span> <span class='ocrx_word' id='word_1_229' title='bbox 1105 3125 1179 3177; x_wconf 88' lang='lat' dir='ltr'>Vad.</span> <span class='ocrx_word' id='word_1_230' title='bbox 1204 3135 1279 3189; x_wconf 86' lang='lat' dir='ltr'>aceto,</span> 
     </span>
    </p>
   </div>
   <div class='ocr_carea' id='block_1_7' title="bbox 57 3191 890 3254">
    <p class='ocr_par' dir='ltr' id='par_1_11' title="bbox 57 3191 890 3254">
     <span class='ocr_line' id='line_1_30' title="bbox 57 3191 890 3254; baseline 0.01 -18"><span class='ocrx_word' id='word_1_231' title='bbox 57 3213 59 3218; x_wconf 96' lang='lat'>·</span> <span class='ocrx_word' id='word_1_232' title='bbox 155 3204 175 3237; x_wconf 91' lang='lat' dir='ltr'>r.</span> <span class='ocrx_word' id='word_1_233' title='bbox 194 3228 226 3238; x_wconf 91' lang='lat'>..</span> <span class='ocrx_word' id='word_1_234' title='bbox 244 3206 295 3239; x_wconf 85' lang='lat' dir='ltr'>eum</span> <span class='ocrx_word' id='word_1_235' title='bbox 306 3193 401 3253; x_wconf 77' lang='lat' dir='ltr'>sanias,</span> <span class='ocrx_word' id='word_1_236' title='bbox 412 3195 446 3243; x_wconf 90' lang='lat' dir='ltr'>V.</span> <span class='ocrx_word' id='word_1_237' title='bbox 464 3193 551 3242; x_wconf 80' lang='lat' dir='ltr'>sauine</span> <span class='ocrx_word' id='word_1_238' title='bbox 562 3208 621 3253; x_wconf 86' lang='lat' dir='ltr'>cum,</span> <span class='ocrx_word' id='word_1_239' title='bbox 633 3195 677 3243; x_wconf 76' lang='lat' dir='ltr'>ad</span> <span class='ocrx_word' id='word_1_240' title='bbox 696 3233 728 3242; x_wconf 78' lang='grc'>..</span> <span class='ocrx_word' id='word_1_241' title='bbox 738 3191 854 3254; x_wconf 76' lang='lat' dir='ltr'>suniarii,</span> <span class='ocrx_word' id='word_1_242' title='bbox 867 3209 890 3244; x_wconf 93' lang='lat' dir='ltr'>a.</span> 
     </span>
    </p>
   </div>
   <div class='ocr_carea' id='block_1_8' title="bbox 148 3256 1278 4261">
    <p class='ocr_par' dir='ltr' id='par_1_12' title="bbox 189 3256 861 3325">
     <span class='ocr_line' id='line_1_31' title="bbox 189 3256 861 3325; baseline 0.007 -21"><span class='ocrx_word' id='word_1_243' title='bbox 189 3256 205 3318; x_wconf 61' lang='grc' dir='ltr'><strong>ξ</strong></span> <span class='ocrx_word' id='word_1_244' title='bbox 219 3260 275 3305; x_wconf 79' lang='lat' dir='ltr'>tet.</span> <span class='ocrx_word' id='word_1_245' title='bbox 294 3257 385 3314; x_wconf 61' lang='lat' dir='ltr'>insule,</span> <span class='ocrx_word' id='word_1_246' title='bbox 397 3260 451 3308; x_wconf 91' lang='lat' dir='ltr'>Td.</span> <span class='ocrx_word' id='word_1_247' title='bbox 469 3259 582 3319; x_wconf 81' lang='lat' dir='ltr'>inutilem,</span> <span class='ocrx_word' id='word_1_248' title='bbox 594 3262 627 3309; x_wconf 91' lang='lat' dir='ltr'>V.</span> <span class='ocrx_word' id='word_1_249' title='bbox 645 3258 726 3309; x_wconf 84' lang='lat' dir='ltr'>inatile</span> <span class='ocrx_word' id='word_1_250' title='bbox 738 3268 779 3321; x_wconf 78' lang='lat' dir='ltr'>set,</span> <span class='ocrx_word' id='word_1_251' title='bbox 791 3256 861 3325; x_wconf 70' lang='lat' dir='ltr'>asty.</span> 
     </span>
    </p>

    <p class='ocr_par' dir='ltr' id='par_1_13' title="bbox 156 3323 1276 3460">
     <span class='ocr_line' id='line_1_32' title="bbox 189 3323 1276 3390; baseline 0.007 -20"><span class='ocrx_word' id='word_1_252' title='bbox 189 3323 276 3384; x_wconf 66' lang='grc'><strong>5196.</strong></span> <span class='ocrx_word' id='word_1_253' title='bbox 302 3332 385 3386; x_wconf 83' lang='lat' dir='ltr'>vomet,</span> <span class='ocrx_word' id='word_1_254' title='bbox 399 3325 433 3374; x_wconf 89' lang='lat' dir='ltr'>V.</span> <span class='ocrx_word' id='word_1_255' title='bbox 459 3326 501 3374; x_wconf 89' lang='lat' dir='ltr'>De</span> <span class='ocrx_word' id='word_1_256' title='bbox 516 3333 592 3375; x_wconf 86' lang='lat' dir='ltr'>aneto</span> <span class='ocrx_word' id='word_1_257' title='bbox 607 3328 711 3389; x_wconf 83' lang='lat' dir='ltr'>eiusque</span> <span class='ocrx_word' id='word_1_258' title='bbox 726 3328 819 3378; x_wconf 87' lang='lat' dir='ltr'>effectu</span> <span class='ocrx_word' id='word_1_259' title='bbox 835 3329 986 3378; x_wconf 87' lang='lat' dir='ltr'>v.Dicscor.</span> <span class='ocrx_word' id='word_1_260' title='bbox 1000 3334 1025 3390; x_wconf 79' lang='lat'>8,</span> <span class='ocrx_word' id='word_1_261' title='bbox 1038 3335 1079 3379; x_wconf 76' lang='grc'>60.</span> <span class='ocrx_word' id='word_1_262' title='bbox 1098 3369 1129 3378; x_wconf 84' lang='lat'><em>-</em></span> <span class='ocrx_word' id='word_1_263' title='bbox 1157 3344 1276 3390; x_wconf 65' lang='lat' dir='ltr'>sameas.</span> 
     </span>
     <span class='ocr_line' id='line_1_33' title="bbox 156 3389 966 3460; baseline 0.014 -25"><span class='ocrx_word' id='word_1_264' title='bbox 156 3393 180 3435; x_wconf 86' lang='lat' dir='ltr'>et</span> <span class='ocrx_word' id='word_1_265' title='bbox 190 3402 274 3446; x_wconf 73' lang='lat' dir='ltr'>masa,</span> <span class='ocrx_word' id='word_1_266' title='bbox 286 3390 370 3441; x_wconf 87' lang='lat' dir='ltr'>VTd.</span> <span class='ocrx_word' id='word_1_267' title='bbox 389 3431 420 3439; x_wconf 92' lang='lat'>..</span> <span class='ocrx_word' id='word_1_268' title='bbox 438 3389 535 3452; x_wconf 83' lang='lat' dir='ltr'>olfactu,</span> <span class='ocrx_word' id='word_1_269' title='bbox 548 3393 572 3439; x_wconf 84' lang='lat' dir='ltr'>d.</span> <span class='ocrx_word' id='word_1_270' title='bbox 589 3389 699 3453; x_wconf 79' lang='lat' dir='ltr'>olfactus,</span> <span class='ocrx_word' id='word_1_271' title='bbox 711 3395 745 3442; x_wconf 89' lang='lat' dir='ltr'>V.</span> <span class='ocrx_word' id='word_1_272' title='bbox 762 3393 883 3459; x_wconf 57' lang='lat' dir='ltr'>chamum,</span> <span class='ocrx_word' id='word_1_273' title='bbox 895 3391 966 3460; x_wconf 65' lang='lat' dir='ltr'>adr.</span> 
     </span>
    </p>

    <p class='ocr_par' dir='ltr' id='par_1_14' title="bbox 148 3451 1276 3724">
     <span class='ocr_line' id='line_1_34' title="bbox 190 3451 1275 3524; baseline 0.009 -21"><span class='ocrx_word' id='word_1_274' title='bbox 190 3451 276 3515; x_wconf 65' lang='lat'>3197.</span> <span class='ocrx_word' id='word_1_275' title='bbox 303 3464 358 3519; x_wconf 85' lang='lat' dir='ltr'>tola,</span> <span class='ocrx_word' id='word_1_276' title='bbox 373 3458 407 3507; x_wconf 91' lang='lat' dir='ltr'>V.</span> <span class='ocrx_word' id='word_1_277' title='bbox 433 3458 474 3507; x_wconf 91' lang='lat' dir='ltr'>De</span> <span class='ocrx_word' id='word_1_278' title='bbox 489 3458 544 3520; x_wconf 89' lang='lat' dir='ltr'>ipsa</span> <span class='ocrx_word' id='word_1_279' title='bbox 559 3459 638 3508; x_wconf 88' lang='lat' dir='ltr'>herba</span> <span class='ocrx_word' id='word_1_280' title='bbox 652 3474 676 3507; x_wconf 84' lang='lat' dir='ltr'>v.</span> <span class='ocrx_word' id='word_1_281' title='bbox 692 3460 809 3511; x_wconf 88' lang='lat' dir='ltr'>Dioscor.</span> <span class='ocrx_word' id='word_1_282' title='bbox 826 3470 849 3524; x_wconf 81' lang='lat'>3,</span> <span class='ocrx_word' id='word_1_283' title='bbox 862 3468 904 3514; x_wconf 79' lang='lat' dir='ltr'>st.</span> <span class='ocrx_word' id='word_1_284' title='bbox 923 3503 954 3512; x_wconf 79' lang='grc'><strong>-</strong></span> <span class='ocrx_word' id='word_1_285' title='bbox 980 3479 998 3511; x_wconf 83' lang='grc' dir='ltr'><strong><em>α</em></strong></span> <span class='ocrx_word' id='word_1_286' title='bbox 1014 3463 1182 3523; x_wconf 66' lang='lat' dir='ltr'>transmarino,</span> <span class='ocrx_word' id='word_1_287' title='bbox 1199 3467 1223 3515; x_wconf 87' lang='lat' dir='ltr'>d.</span> <span class='ocrx_word' id='word_1_288' title='bbox 1246 3504 1275 3513; x_wconf 93' lang='grc'>..</span> 
     </span>
     <span class='ocr_line' id='line_1_35' title="bbox 156 3519 1276 3595; baseline 0.009 -24"><span class='ocrx_word' id='word_1_289' title='bbox 156 3519 232 3584; x_wconf 82' lang='lat' dir='ltr'>aliud,</span> <span class='ocrx_word' id='word_1_290' title='bbox 245 3539 267 3572; x_wconf 93' lang='lat' dir='ltr'>a.</span> <span class='ocrx_word' id='word_1_291' title='bbox 287 3564 318 3573; x_wconf 83' lang='lat'>..</span> <span class='ocrx_word' id='word_1_292' title='bbox 344 3539 496 3588; x_wconf 68' lang='lat' dir='ltr'>sagapenon,</span> <span class='ocrx_word' id='word_1_293' title='bbox 513 3528 557 3576; x_wconf 84' lang='lat' dir='ltr'>ad.</span> <span class='ocrx_word' id='word_1_294' title='bbox 583 3564 609 3573; x_wconf 88' lang='lat'>-</span> <span class='ocrx_word' id='word_1_295' title='bbox 638 3527 824 3578; x_wconf 66' lang='lat' dir='ltr'>waschandus</span> <span class='ocrx_word' id='word_1_296' title='bbox 837 3528 1074 3595; x_wconf 70' lang='lat' dir='ltr'>praecordiorumque</span> <span class='ocrx_word' id='word_1_297' title='bbox 1091 3531 1229 3593; x_wconf 66' lang='lat' dir='ltr'>tumoribus,</span> <span class='ocrx_word' id='word_1_298' title='bbox 1244 3533 1276 3582; x_wconf 74' lang='lat' dir='ltr'>K</span> 
     </span>
     <span class='ocr_line' id='line_1_36' title="bbox 148 3588 1276 3722; baseline 0.007 -81"><span class='ocrx_word' id='word_1_299' title='bbox 148 3588 227 3718; x_wconf 48' lang='grc' dir='ltr'>ΡΝ</span> <span class='ocrx_word' id='word_1_300' title='bbox 241 3606 341 3722; x_wconf 53' lang='grc' dir='ltr'><em>ἓοωρῖἕ</em></span> <span class='ocrx_word' id='word_1_301' title='bbox 356 3598 458 3641; x_wconf 74' lang='lat' dir='ltr'>acaeat.</span> <span class='ocrx_word' id='word_1_302' title='bbox 475 3593 596 3644; x_wconf 86' lang='lat' dir='ltr'>scribitur.</span> <span class='ocrx_word' id='word_1_303' title='bbox 619 3633 651 3644; x_wconf 87' lang='lat'>..</span> <span class='ocrx_word' id='word_1_304' title='bbox 678 3592 755 3657; x_wconf 78' lang='lat' dir='ltr'>lienis,</span> <span class='ocrx_word' id='word_1_305' title='bbox 772 3598 806 3648; x_wconf 90' lang='lat' dir='ltr'>V.</span> <span class='ocrx_word' id='word_1_306' title='bbox 830 3638 861 3648; x_wconf 91' lang='lat'>..</span> <span class='ocrx_word' id='word_1_307' title='bbox 888 3595 1058 3661; x_wconf 62' lang='lat' dir='ltr'>affectandum,</span> <span class='ocrx_word' id='word_1_308' title='bbox 1074 3598 1180 3649; x_wconf 86' lang='lat' dir='ltr'>VTad.</span> <span class='ocrx_word' id='word_1_309' title='bbox 1206 3607 1230 3648; x_wconf 86' lang='lat' dir='ltr'>et</span> <span class='ocrx_word' id='word_1_310' title='bbox 1244 3597 1276 3648; x_wconf 89' lang='lat' dir='ltr'>al·</span> 
     </span>
     <span class='ocr_line' id='line_1_37' title="bbox 168 3664 364 3724; baseline 0.031 -20"><span class='ocrx_word' id='word_1_311' title='bbox 168 3664 239 3706; x_wconf 85' lang='lat' dir='ltr'>actaa</span> <span class='ocrx_word' id='word_1_312' title='bbox 257 3674 302 3720; x_wconf 79' lang='lat' dir='ltr'>am,</span> <span class='ocrx_word' id='word_1_313' title='bbox 338 3673 364 3724; x_wconf 71' lang='grc' dir='ltr'>γ.</span> 
     </span>
    </p>

    <p class='ocr_par' dir='ltr' id='par_1_15' title="bbox 155 3718 1278 4261">
     <span class='ocr_line' id='line_1_38' title="bbox 179 3718 1275 3799; baseline 0.01 -26"><span class='ocrx_word' id='word_1_314' title='bbox 179 3725 276 3799; x_wconf 67' lang='grc' dir='ltr'>Ι51911.</span> <span class='ocrx_word' id='word_1_315' title='bbox 303 3726 360 3788; x_wconf 73' lang='lat' dir='ltr'>hta,</span> <span class='ocrx_word' id='word_1_316' title='bbox 376 3725 437 3776; x_wconf 86' lang='lat' dir='ltr'>VT.</span> <span class='ocrx_word' id='word_1_317' title='bbox 464 3724 509 3788; x_wconf 82' lang='lat' dir='ltr'>ita,</span> <span class='ocrx_word' id='word_1_318' title='bbox 523 3718 573 3779; x_wconf 69' lang='lat' dir='ltr'>dd.</span> <span class='ocrx_word' id='word_1_319' title='bbox 593 3728 721 3780; x_wconf 86' lang='lat' dir='ltr'>Omittunt</span> <span class='ocrx_word' id='word_1_320' title='bbox 735 3725 785 3793; x_wconf 71' lang='lat' dir='ltr'>ass.</span> <span class='ocrx_word' id='word_1_321' title='bbox 810 3732 852 3782; x_wconf 91' lang='lat' dir='ltr'>De</span> <span class='ocrx_word' id='word_1_322' title='bbox 868 3733 967 3797; x_wconf 88' lang='lat' dir='ltr'>reipsa</span> <span class='ocrx_word' id='word_1_323' title='bbox 985 3733 1227 3794; x_wconf 77' lang='lat' dir='ltr'>v.Di0scor.4,tt.</span> <span class='ocrx_word' id='word_1_324' title='bbox 1245 3775 1275 3784; x_wconf 89' lang='grc'>..</span> 
     </span>
     <span class='ocr_line' id='line_1_39' title="bbox 156 3786 1276 3864; baseline 0.013 -27"><span class='ocrx_word' id='word_1_325' title='bbox 156 3786 261 3851; x_wconf 73' lang='lat' dir='ltr'>dmiaus</span> <span class='ocrx_word' id='word_1_326' title='bbox 278 3799 317 3854; x_wconf 81' lang='lat'>19,</span> <span class='ocrx_word' id='word_1_327' title='bbox 331 3798 387 3844; x_wconf 84' lang='grc'>168.</span> <span class='ocrx_word' id='word_1_328' title='bbox 409 3834 441 3842; x_wconf 92' lang='grc'>..</span> <span class='ocrx_word' id='word_1_329' title='bbox 485 3793 626 3856; x_wconf 72' lang='lat' dir='ltr'>remisimus,</span> <span class='ocrx_word' id='word_1_330' title='bbox 641 3797 698 3847; x_wconf 90' lang='lat' dir='ltr'>Vd.</span> <span class='ocrx_word' id='word_1_331' title='bbox 720 3797 851 3860; x_wconf 67' lang='lat' dir='ltr'>maximus,</span> <span class='ocrx_word' id='word_1_332' title='bbox 867 3816 890 3850; x_wconf 89' lang='lat' dir='ltr'>a.</span> <span class='ocrx_word' id='word_1_333' title='bbox 913 3799 1030 3864; x_wconf 65' lang='lat' dir='ltr'>memma,</span> <span class='ocrx_word' id='word_1_334' title='bbox 1045 3817 1066 3850; x_wconf 92' lang='lat' dir='ltr'>r.</span> <span class='ocrx_word' id='word_1_335' title='bbox 1088 3841 1120 3850; x_wconf 79' lang='grc'>-</span> <span class='ocrx_word' id='word_1_336' title='bbox 1144 3799 1173 3850; x_wconf 84' lang='grc' dir='ltr'><em>Ε</em></span> <span class='ocrx_word' id='word_1_337' title='bbox 1186 3801 1276 3863; x_wconf 72' lang='lat' dir='ltr'>salicia</span> 
     </span>
     <span class='ocr_line' id='line_1_40' title="bbox 155 3856 1277 3931; baseline 0.011 -23"><span class='ocrx_word' id='word_1_338' title='bbox 155 3856 262 3909; x_wconf 88' lang='lat' dir='ltr'>VTad.</span> <span class='ocrx_word' id='word_1_339' title='bbox 288 3858 340 3911; x_wconf 81' lang='lat' dir='ltr'>Sed</span> <span class='ocrx_word' id='word_1_340' title='bbox 353 3860 436 3923; x_wconf 78' lang='lat' dir='ltr'>sativi,</span> <span class='ocrx_word' id='word_1_341' title='bbox 476 3898 533 3913; x_wconf 86' lang='lat'>...</span> <span class='ocrx_word' id='word_1_342' title='bbox 556 3861 666 3925; x_wconf 53' lang='lat' dir='ltr'>calam</span> <span class='ocrx_word' id='word_1_343' title='bbox 682 3866 719 3914; x_wconf 88' lang='lat' dir='ltr'>uti</span> <span class='ocrx_word' id='word_1_344' title='bbox 752 3865 884 3930; x_wconf 84' lang='lat' dir='ltr'>leramque</span> <span class='ocrx_word' id='word_1_345' title='bbox 899 3869 956 3918; x_wconf 89' lang='lat' dir='ltr'>aliis</span> <span class='ocrx_word' id='word_1_346' title='bbox 971 3869 998 3917; x_wconf 90' lang='lat' dir='ltr'>in</span> <span class='ocrx_word' id='word_1_347' title='bbox 1014 3869 1086 3918; x_wconf 86' lang='lat' dir='ltr'>locis.</span> <span class='ocrx_word' id='word_1_348' title='bbox 1106 3907 1138 3918; x_wconf 80' lang='grc'>-</span> <span class='ocrx_word' id='word_1_349' title='bbox 1160 3877 1215 3931; x_wconf 79' lang='lat' dir='ltr'>ete,</span> <span class='ocrx_word' id='word_1_350' title='bbox 1231 3869 1277 3920; x_wconf 88' lang='lat' dir='ltr'>Va</span> 
     </span>
     <span class='ocr_line' id='line_1_41' title="bbox 156 3880 1277 4000; baseline 0.012 -27"><span class='ocrx_word' id='word_1_351' title='bbox 156 3920 244 3986; x_wconf 89' lang='lat' dir='ltr'>(codd.</span> <span class='ocrx_word' id='word_1_352' title='bbox 261 3925 332 3990; x_wconf 82' lang='lat' dir='ltr'>Gal.)</span> <span class='ocrx_word' id='word_1_353' title='bbox 358 3935 389 3990; x_wconf 81' lang='lat' dir='ltr'>et,</span> <span class='ocrx_word' id='word_1_354' title='bbox 405 3926 459 3993; x_wconf 65' lang='lat' dir='ltr'>dp.</span> <span class='ocrx_word' id='word_1_355' title='bbox 487 3946 507 3991; x_wconf 85' lang='lat' dir='ltr'>e,</span> <span class='ocrx_word' id='word_1_356' title='bbox 524 3932 548 3981; x_wconf 92' lang='lat' dir='ltr'>d.</span> <span class='ocrx_word' id='word_1_357' title='bbox 566 3973 599 3982; x_wconf 86' lang='lat'>-</span> <span class='ocrx_word' id='word_1_358' title='bbox 625 3948 703 3997; x_wconf 85' lang='lat' dir='ltr'>sopor,</span> <span class='ocrx_word' id='word_1_359' title='bbox 718 3880 850 3985; x_wconf 56' lang='lat' dir='ltr'>HDVTad.</span> <span class='ocrx_word' id='word_1_360' title='bbox 875 3934 963 3999; x_wconf 85' lang='lat' dir='ltr'>opium,</span> <span class='ocrx_word' id='word_1_361' title='bbox 979 3936 1012 3986; x_wconf 87' lang='lat' dir='ltr'>K.</span> <span class='ocrx_word' id='word_1_362' title='bbox 1038 3951 1120 3999; x_wconf 80' lang='lat' dir='ltr'>sapor,</span> <span class='ocrx_word' id='word_1_363' title='bbox 1136 3932 1165 3997; x_wconf 83' lang='grc' dir='ltr'>β.</span> <span class='ocrx_word' id='word_1_364' title='bbox 1193 3936 1277 4000; x_wconf 70' lang='lat' dir='ltr'>lipsa,</span> 
     </span>
     <span class='ocr_line' id='line_1_42' title="bbox 155 3991 1278 4067; baseline 0.01 -25"><span class='ocrx_word' id='word_1_365' title='bbox 155 3991 299 4046; x_wconf 88' lang='lat' dir='ltr'>Pontedera</span> <span class='ocrx_word' id='word_1_366' title='bbox 315 3997 442 4059; x_wconf 88' lang='lat' dir='ltr'>antiquitt.</span> <span class='ocrx_word' id='word_1_367' title='bbox 459 4012 484 4060; x_wconf 87' lang='lat' dir='ltr'>p.</span> <span class='ocrx_word' id='word_1_368' title='bbox 498 4003 537 4048; x_wconf 78' lang='lat'>52.</span> <span class='ocrx_word' id='word_1_369' title='bbox 556 4039 588 4049; x_wconf 89' lang='lat'>..</span> <span class='ocrx_word' id='word_1_370' title='bbox 614 3999 799 4064; x_wconf 81' lang='lat' dir='ltr'>capite,Dslec.</span> <span class='ocrx_word' id='word_1_371' title='bbox 818 4042 850 4051; x_wconf 91' lang='lat'>..</span> <span class='ocrx_word' id='word_1_372' title='bbox 873 4009 900 4051; x_wconf 85' lang='lat' dir='ltr'>at</span> <span class='ocrx_word' id='word_1_373' title='bbox 910 4000 994 4064; x_wconf 83' lang='lat' dir='ltr'>Iollas,</span> <span class='ocrx_word' id='word_1_374' title='bbox 1006 4019 1029 4054; x_wconf 86' lang='lat' dir='ltr'>a.</span> <span class='ocrx_word' id='word_1_375' title='bbox 1051 4002 1171 4067; x_wconf 72' lang='grc' dir='ltr'>ανῑίοῑὶαε,</span> <span class='ocrx_word' id='word_1_376' title='bbox 1182 4005 1216 4056; x_wconf 86' lang='lat' dir='ltr'>V.</span> <span class='ocrx_word' id='word_1_377' title='bbox 1242 4002 1278 4053; x_wconf 84' lang='lat' dir='ltr'>uti</span> 
     </span>
     <span class='ocr_line' id='line_1_43' title="bbox 155 4056 1275 4138; baseline 0.013 -30"><span class='ocrx_word' id='word_1_378' title='bbox 155 4056 212 4138; x_wconf 77' lang='lat' dir='ltr'>olle,</span> <span class='ocrx_word' id='word_1_379' title='bbox 225 4064 248 4112; x_wconf 89' lang='lat' dir='ltr'>d.</span> <span class='ocrx_word' id='word_1_380' title='bbox 266 4103 298 4112; x_wconf 81' lang='grc'><strong>-</strong></span> <span class='ocrx_word' id='word_1_381' title='bbox 317 4061 461 4127; x_wconf 77' lang='lat' dir='ltr'>defloruerit,</span> <span class='ocrx_word' id='word_1_382' title='bbox 472 4064 505 4115; x_wconf 89' lang='lat' dir='ltr'>T.</span> <span class='ocrx_word' id='word_1_383' title='bbox 524 4107 555 4117; x_wconf 90' lang='lat'>..</span> <span class='ocrx_word' id='word_1_384' title='bbox 573 4067 651 4116; x_wconf 71' lang='lat' dir='ltr'>ceretu</span> <span class='ocrx_word' id='word_1_385' title='bbox 660 4066 715 4130; x_wconf 83' lang='lat' dir='ltr'>disi,</span> <span class='ocrx_word' id='word_1_386' title='bbox 727 4068 802 4119; x_wconf 81' lang='lat' dir='ltr'>vau.</span> <span class='ocrx_word' id='word_1_387' title='bbox 824 4084 909 4118; x_wconf 83' lang='lat' dir='ltr'>serena</span> <span class='ocrx_word' id='word_1_388' title='bbox 920 4068 976 4131; x_wconf 78' lang='lat' dir='ltr'>diei,</span> <span class='ocrx_word' id='word_1_389' title='bbox 989 4070 1020 4121; x_wconf 86' lang='lat' dir='ltr'>T.</span> <span class='ocrx_word' id='word_1_390' title='bbox 1044 4069 1094 4120; x_wconf 81' lang='lat' dir='ltr'>diei</span> <span class='ocrx_word' id='word_1_391' title='bbox 1104 4071 1189 4133; x_wconf 70' lang='lat' dir='ltr'>sasai,</span> <span class='ocrx_word' id='word_1_392' title='bbox 1199 4067 1230 4133; x_wconf 77' lang='grc' dir='ltr'>β.</span> <span class='ocrx_word' id='word_1_393' title='bbox 1244 4113 1275 4122; x_wconf 93' lang='grc'>..</span> 
     </span>
     <span class='ocr_line' id='line_1_44' title="bbox 157 4129 1275 4249; baseline 0.013 -75"><span class='ocrx_word' id='word_1_394' title='bbox 157 4133 235 4187; x_wconf 73' lang='lat' dir='ltr'>tertre,</span> <span class='ocrx_word' id='word_1_395' title='bbox 241 4129 272 4243; x_wconf 39' lang='lat' dir='ltr'>‘V</span> <span class='ocrx_word' id='word_1_396' title='bbox 288 4131 320 4247; x_wconf 74' lang='lat' dir='ltr'>lb</span> <span class='ocrx_word' id='word_1_397' title='bbox 335 4131 404 4249; x_wconf 49' lang='grc' dir='ltr'>1113ἐι</span> <span class='ocrx_word' id='word_1_398' title='bbox 411 4140 440 4181; x_wconf 91' lang='lat' dir='ltr'>ut</span> <span class='ocrx_word' id='word_1_399' title='bbox 454 4134 586 4185; x_wconf 87' lang='lat' dir='ltr'>videbatur</span> <span class='ocrx_word' id='word_1_400' title='bbox 600 4136 707 4197; x_wconf 83' lang='lat' dir='ltr'>Nantua,</span> <span class='ocrx_word' id='word_1_401' title='bbox 724 4150 802 4186; x_wconf 87' lang='lat' dir='ltr'>manu</span> <span class='ocrx_word' id='word_1_402' title='bbox 817 4139 980 4201; x_wconf 88' lang='lat' dir='ltr'>adscriptum.</span> <span class='ocrx_word' id='word_1_403' title='bbox 999 4138 1088 4189; x_wconf 85' lang='lat' dir='ltr'>omitt.</span> <span class='ocrx_word' id='word_1_404' title='bbox 1104 4135 1275 4204; x_wconf 71' lang='lat' dir='ltr'>Taddpstr.</span> 
     </span>
     <span class='ocr_line' id='line_1_45' title="bbox 157 4210 441 4261; baseline 0.025 -19"><span class='ocrx_word' id='word_1_405' title='bbox 157 4210 341 4261; x_wconf 56' lang='lat' dir='ltr'>-mmm</span> <span class='ocrx_word' id='word_1_406' title='bbox 406 4214 441 4249; x_wconf 69' lang='lat' dir='ltr'>m</span> 
     </span>
    </p>
   </div>
   <div class='ocr_carea' id='block_1_9' title="bbox 189 4263 1277 4337">
    <p class='ocr_par' dir='ltr' id='par_1_16' title="bbox 189 4263 1277 4337">
     <span class='ocr_line' id='line_1_46' title="bbox 189 4263 1277 4337; baseline 0.01 -25"><span class='ocrx_word' id='word_1_407' title='bbox 189 4263 274 4326; x_wconf 70' lang='lat'>5199.</span> <span class='ocrx_word' id='word_1_408' title='bbox 298 4265 407 4329; x_wconf 75' lang='lat' dir='ltr'>stitutus,</span> <span class='ocrx_word' id='word_1_409' title='bbox 422 4268 511 4319; x_wconf 83' lang='lat' dir='ltr'>Deles.</span> <span class='ocrx_word' id='word_1_410' title='bbox 531 4309 561 4319; x_wconf 88' lang='lat'>..</span> <span class='ocrx_word' id='word_1_411' title='bbox 585 4267 677 4333; x_wconf 77' lang='lat' dir='ltr'>policia,</span> <span class='ocrx_word' id='word_1_412' title='bbox 689 4269 721 4319; x_wconf 91' lang='lat' dir='ltr'>V.</span> <span class='ocrx_word' id='word_1_413' title='bbox 742 4309 773 4319; x_wconf 81' lang='grc'>-</span> <span class='ocrx_word' id='word_1_414' title='bbox 799 4269 1020 4335; x_wconf 48' lang='lat' dir='ltr'>summumst</span> <span class='ocrx_word' id='word_1_415' title='bbox 1037 4269 1124 4333; x_wconf 81' lang='lat' dir='ltr'>(codd</span> <span class='ocrx_word' id='word_1_416' title='bbox 1138 4271 1210 4337; x_wconf 80' lang='lat' dir='ltr'>Get.)</span> <span class='ocrx_word' id='word_1_417' title='bbox 1235 4281 1277 4323; x_wconf 75' lang='lat' dir='ltr'>aut</span> 
     </span>
    </p>
   </div>
   <div class='ocr_carea' id='block_1_10' title="bbox 0 0 1390 4726">
    <p class='ocr_par' dir='ltr' id='par_1_17' title="bbox 0 0 1390 4726">
     <span class='ocr_line' id='line_1_47' title="bbox 0 0 1390 4726; baseline 0 0"><span class='ocrx_word' id='word_1_418' title='bbox 0 0 1390 4726; x_wconf 95' lang='lat' dir='ltr'> </span> 
     </span>
    </p>
   </div>
  </div>
 </body>
</html>
