2754 4726
124 279 191 345 uo
479 294 685 344 ssrunsnss
706 293 899 344 msroumr

127 465 288 513 renmum
309 445 495 532 concoquit3
516 444 765 532 deprehendisse
785 445 841 530 qni
863 443 924 510 nisi
945 455 1089 533 westes
1111 457 1245 532 possunt

124 546 482 635 ntqneqnioollignnt?
500 545 635 612 Dnonru
653 545 793 634 ipsislis
812 546 901 624 vitiu,
923 557 956 612 et
973 546 1105 630 quidem
1128 547 1281 614 siser-st

124 647 234 732 pensis
245 669 385 715 euterun
403 649 497 713 inxts
516 646 625 725 fue'rit,
645 647 675 714 si
695 647 891 734 pntesemtis
910 645 1015 733 primo
1035 645 1244 726 udlulnverit,
1266 636 1270 644 ”

124 748 239 834 enpsci
264 772 461 816 venenorum
482 748 674 835 cognatione
694 749 737 814 sd
758 748 847 814 virus
867 746 1118 833 accipiendum
1136 747 1245 833 inquo

124 850 233 916 uveni
267 851 437 918 conveniet
462 849 553 936 prius
579 872 678 935 quem
702 872 739 916 se
764 849 904 916 condent
928 857 1104 936 serpentes
1143 845 1245 939 Sigus

123 961 220 1015 erunt
245 961 293 1018 tot
316 951 447 1030 lies-hm,
472 962 520 1016 tnt
543 950 674 1018 arbone
700 950 895 1036 frutioesque
920 949 962 1017 ub
984 972 1113 1016 emersu
1134 973 1244 1017 esrum

123 1049 168 1115 sd
179 1050 337 1119 lstebrm
350 1074 456 1138 nsque
475 1062 659 1130 vernantes,
679 1062 714 1117 et
733 1052 785 1118 vel
805 1050 923 1117 stetini
943 1060 1067 1118 tuuttmr
1085 1050 1166 1117 folin
1182 1073 1244 1118 neo

122 1164 237 1237 postes
255 1154 423 1221 nimiis
441 1173 501 1218 nee
520 1164 596 1218 unte
616 1151 806 1219 decidentis.
837 1151 885 1217 Et
903 1151 1021 1219 boletis
1040 1151 1175 1237 quidem
1194 1175 1243 1220 or·

123 1265 176 1320 tus
196 1277 394 1341 oecsnrsque
414 1253 518 1320 omnis
538 1253 625 1318 intre
644 1253 715 1320 dies
736 1263 858 1340 septem
879 1265 949 1320 est·

162 1355 302 1422 XXIII.
321 1358 375 1422 47.
396 1355 589 1444 Fungorum
600 1356 718 1421 lentior
730 1367 846 1420 nstm
865 1366 898 1420 et
916 1375 1089 1421 numerose
1110 1376 1243 1443 genere,
1253 1370 1281 1415 ss

121 1459 286 1546 sedutigo
304 1480 371 1525 non
390 1456 516 1541 nisiex
537 1454 655 1542 pinsit·
673 1455 836 1521 nrbornm.
858 1453 1027 1520 Tutissimi
1047 1455 1104 1540 quii
1125 1455 1244 1522 mbent

121 1560 214 1639 onllo,
242 1559 350 1625 miuus
368 1557 473 1624 diluto
494 1555 613 1622 rubore
632 1577 731 1641 quesn
751 1554 850 1623 boleti
856 1579 866 1632 3
894 1576 969 1622 mox
990 1554 1133 1635 undidi,
1155 1555 1243 1623 velut

119 1662 214 1748 spice
234 1659 374 1726 fluminis
393 1656 578 1744 insignibus
598 1657 774 1743 pediculis3
797 1655 929 1722 tertium
949 1677 1055 1745 genus
1076 1656 1164 1723 suilli
1184 1678 1241 1724 ve·

48 1759 58 1783 ⁸
119 1763 213 1830 uenis
239 1758 576 1826 adcommodatissimi.
607 1757 764 1824 Familias
785 1780 889 1845 nuper
909 1759 1100 1823 interemere
1122 1768 1155 1825 et
1175 1770 1243 1825 tote

118 1862 277 1940 eonvivin,
298 1861 470 1926 Annaeum
490 1856 649 1926 Serenum
670 1859 869 1946 preelectum
889 1857 1028 1925 Neronis
1050 1858 1188 1946 vigilum
1209 1871 1241 1927 et

119 1963 267 2031 tribunos
287 1962 571 2047 centurionesque3
598 1981 681 2046 quse
702 1961 851 2047 voluptas
871 1971 962 2064 tantu
981 1959 1137 2046 ancipitis
1157 1961 1241 2028 ubit

119 2065 263 2148 Quidum
283 2064 467 2130 discrevere
489 2062 639 2129 erbetum
660 2061 844 2150 generibus,
872 2061 946 2140 fico,
968 2061 1073 2128 fertile
1094 2072 1130 2129 et
1150 2073 1281 2132 oum-⁹?

48 2210 53 2219 ι
118 2168 196 2232 mim
210 2164 398 2243 lerenulius,
420 2186 484 2230 non
496 2163 574 2229 item
587 2164 675 2250 lugo,
696 2162 822 2242 robore,
843 2160 1009 2249 cupi-esso,
1029 2173 1067 2229 ut
1080 2163 1239 2240 diximum

118 2266 176 2332 sed
202 2266 267 2330 istu
293 2264 367 2347 quis
387 2263 524 2350 spondet
544 2264 578 2329 in
600 2264 789 2331 venalibus?
818 2262 976 2330 Omnium
996 2264 1083 2331 oolos
1104 2265 1239 2343 lividus3

117 2367 171 2434 hic
191 2363 323 2431 habebit
342 2365 457 2431 veneni
478 2376 713 2451 argumentum,
734 2386 800 2450 quo
821 2364 953 2431 similior
972 2365 1067 2431 inerit
1088 2366 1239 2433 arborum

118 2489 212 2533 umor
231 2467 294 2533 liei.
320 2467 489 2532 Adversus
510 2466 591 2532 haec
611 2465 752 2532 diximus
773 2467 915 2533 remedie
934 2466 1161 2551 dicemusque3
1187 2469 1238 2533 in·

119 2569 212 2634 terim
241 2580 316 2634 sunt
343 2568 452 2653 eliqua
473 2577 506 2632 et
526 2568 561 2632 in
582 2567 643 2632 his.
676 2564 831 2633 Glaucias
854 2566 1017 2632 stemucho
1037 2567 1127 2634 utilis
1147 2579 1239 2656 putat
1251 2580 1281 2626 ⁹²

118 2670 255 2747 boletos3
285 2668 446 2735 siccentur
467 2669 645 2754 pendentes
667 2668 761 2745 suilli,
787 2668 882 2733 iunco
903 2667 1059 2745 transfixi,
1085 2670 1199 2753 quales
1220 2693 1238 2736 e

152 2824 337 2890 deprehendisse,
346 2827 398 2876 Rd.
412 2823 569 2889 deprendisse,
576 2825 609 2873 V.
622 2824 687 2874 Mihi
697 2825 856 2873 scribendum
866 2839 921 2874 esse
929 2825 1029 2874 videtur
1037 2826 1165 2887 concoquit,
1175 2825 1240 2889 quod

118 2892 310 2958 deprehendisse,
336 2894 484 2959 pronomine
507 2908 552 2956 per
573 2893 764 2955 praecedentem
788 2892 913 2955 syllabam
933 2891 985 2955 quit
1004 2894 1135 2955 absorpt03
1162 2895 1239 2945 aliter

118 2964 199 3012 oratio
211 2961 286 3011 nimis
298 2972 336 3011 est
348 2964 461 3024 abrupto.
480 3001 511 3009 -
530 2958 578 3022 qui,
592 2959 704 3010 Gronov.
717 2960 748 3008 R.
767 2974 835 3021 quae,
849 2960 882 3008 V.
900 2976 934 3022 q5,
946 2962 969 3009 d.
988 2975 1039 3023 que,
1051 2954 1078 3019 β.
1097 2999 1129 3007 -
1148 2959 1236 3010 ndi-

117 3039 189 3092 ntque
205 3029 253 3092 qul,
266 3028 321 3078 Vd.
336 3030 394 3079 Om.
408 3029 440 3079 R.
470 3026 533 3085 Quin
549 3025 727 3090 deprehendisse
742 3034 846 3089 cyrestes
858 3025 906 3090 ipsi
916 3025 999 3076 dictent
1010 3024 1061 3075 alia
1071 3024 1139 3087 uitio,
1150 3027 1184 3077 K.
1204 3069 1236 3078 ..

117 3096 236 3161 colliqunt
249 3098 304 3147 Vd.
328 3095 461 3160 nipunt,R.

153 3165 167 3226 ξ
181 3171 220 3214 95.
238 3165 336 3225 Dicunt,
348 3162 420 3229 δρφ.
438 3164 526 3214 Omitt.
539 3161 652 3212 BVTd.
672 3202 702 3210 ..
726 3159 860 3224 etquidem,
873 3162 951 3212 Hard.
964 3176 978 3211 e
990 3163 1061 3211 codd.
1074 3158 1121 3222 (i).
1145 3178 1173 3210 us
1185 3163 1236 3226 qui-

118 3230 178 3291 dem,
195 3225 333 3282 ORVTd.
360 3229 475 3294 equidem,
487 3227 559 3293 δρφ.
586 3244 648 3277 nunc
658 3223 800 3291 quidemst.
826 3227 903 3292 aliqui
918 3227 1030 3293 collipunt
1044 3227 1091 3292 ipsi
1106 3228 1161 3278 ulis
1178 3231 1237 3280 vitia

119 3299 144 3347 in
156 3298 238 3360 quilius
249 3299 289 3346 vel
301 3306 371 3360 utque
383 3298 424 3360 qui
434 3295 562 3359 collipuntt
577 3295 675 3346 Ducunt
686 3295 733 3359 ipsi
744 3295 777 3345 ol.
787 3312 809 3344 v.
821 3296 936 3359 conibet,
948 3297 1060 3347 Gronov.
1072 3337 1102 3345 -
1114 3305 1236 3360 putescen-

119 3373 160 3425 tes,
173 3365 204 3413 R.
226 3372 389 3427 patescentem,
405 3356 506 3425 over.
525 3372 667 3426 pascentem,
679 3364 711 3413 T.
731 3405 761 3412 -
779 3363 873 3427 rapaci,
885 3365 917 3414 Κ.
937 3405 968 3413 -
986 3363 1112 3422 conveniet,
1125 3365 1160 3413 V.
1182 3381 1235 3428 eou-

118 3430 297 3491 nutatura.
317 3471 358 3546 „T
366 3429 533 3494 Sipnoverunt,
545 3431 602 3480 Vd.
621 3472 652 3480 ..
670 3445 766 3493 emerso,
777 3431 812 3480 V.
830 3472 862 3481 ..
885 3437 999 3491 nocente,
1011 3430 1094 3481 RVd.
1119 3440 1236 3491 outonis,

117 3497 366 3558 OE-mmV.

152 3568 220 3630 seo.
235 3498 287 3625 ded,
299 3565 354 3613 Vd.
377 3567 450 3626 et,R.
469 3604 500 3614 -
519 3581 555 3627 ee,
567 3566 598 3615 B.
621 3581 641 3628 e,
653 3564 708 3616 Vd.
726 3606 758 3615 ..
781 3564 915 3626 Iistissime,
927 3566 960 3616 R.
979 3607 1009 3615 -
1028 3563 1071 3627 qui
1081 3564 1236 3616 mbentenllo

118 3633 201 3691 minus,
213 3633 296 3682 RVd.
315 3631 399 3694 quidm
410 3633 476 3680 rubet
487 3649 543 3682 caro
554 3633 640 3698 moyes,
651 3633 684 3683 K.
703 3674 733 3682 ..
754 3630 811 3695 bole,
823 3633 855 3683 R.
875 3673 906 3681 -
925 3631 1050 3696 insipnt'lis,
1062 3632 1095 3682 K.
1113 3675 1144 3682 -
1163 3631 1236 3696 suilli,

118 3702 152 3750 V.
169 3697 253 3758 suillis,
265 3700 345 3750 RTd.
357 3741 387 3749 -
401 3700 500 3761 venenis,
512 3702 565 3751 Bd.
583 3700 672 3761 veneni,
684 3701 746 3751 VT.
759 3742 789 3750 -
808 3698 1050 3761 accommodatissimi
1066 3693 1177 3752 OVTd.
1195 3717 1235 3750 oc·

118 3765 342 3825 cmrtmodatissimis,
354 3768 386 3818 R.
404 3766 674 3829 accommodatissimum,
686 3763 714 3830 β.
728 3809 759 3818 ..
777 3766 894 3829 intentus,
904 3768 966 3818 RV.
981 3808 1012 3816 -
1029 3767 1144 3828 convivio,
1153 3769 1235 3819 RVd.

119 3877 150 3886 ..
169 3834 306 3896 Annonem,
319 3837 350 3885 R.
369 3877 400 3885 -
423 3835 601 3897 ΝενοηίςΝά.
624 3835 766 3897 venuste.
786 3875 816 3884 ..
834 3836 1035 3898 cenmrionespue‚·
1052 3850 1122 3897 quoe,
1136 3830 1165 3886 Θ.
1183 3852 1235 3885 cen·

119 3903 219 3952 turinnes
231 3919 342 3966 quaeque
351 3904 385 3953 V.
403 3904 590 3967 centurionesque
602 3919 715 3967 quaeque,
727 3904 758 3954 R.
776 3902 920 3951 centuriones
931 3918 1030 3966 quoque,
1042 3903 1066 3952 d.
1084 3908 1108 3951 et
1119 3902 1235 3952 centurio-

117 3987 172 4031 nes,·
189 3988 258 4034 quae,
269 3968 298 4033 β.
318 4013 348 4020 ..
367 3971 482 4033 voluntas,
495 3973 528 4039 V
548 4012 579 4020 -
598 3972 656 4031 cibo,
668 3972 699 4021 R

152 4042 220 4102 597.
242 4039 330 4100 arboni,
343 4041 398 4091 Vd.
419 4079 449 4088 -
465 4037 571 4104 serulae,
583 4038 644 4087 RV.
663 4037 754 4100 serule,
767 4040 791 4087 d.
814 4035 900 4098 bemle,
911 4037 1001 4087 Deles.
1022 4076 1052 4113 ·:·
1071 4036 1236 4098 sunanimitis

117 4137 163 4171 nos
175 4125 327 4186 scripsimus.
345 4123 413 4182 mni,
425 4123 456 4172 R.
475 4118 566 4179 cummi,
579 4120 603 4167 d.
624 4119 745 4182 quinutu,
756 4123 812 4185 Vr.
834 4123 913 4185 primi,
926 4117 950 4170 d.
972 4120 1044 4185 puni,
1057 4135 1087 4185 φ.
1109 4122 1198 4185 pontin,
1207 4137 1234 4185 ρ.

116 4189 242 4252 pentinum,
254 4189 281 4238 d.
299 4191 395 4256 punenii,
407 4183 436 4249 β
455 4228 486 4237 ..
504 4203 558 4248 non,
570 4186 654 4236 RVd.
677 4203 726 4249 nos,
737 4183 788 4254 ,37-
807 4228 838 4239 ..
857 4204 925 4250 seeo,
938 4189 993 4237 Vd.
1017 4197 1081 4250 tuno,
1093 4190 1126 4240 R.
1145 4190 1234 4242 Altero

116 4257 175 4335 loco
190 4262 230 4316 16,
243 4262 292 4319 sl,
311 4272 361 4320 quo
373 4255 438 4305 Plin.
451 4269 499 4304 nos
511 4253 624 4315 remittit,
637 4269 683 4319 pro
694 4254 756 4318 lugo
768 4257 860 4306 dicitur
870 4256 952 4320 pinus.
972 4296 1002 4305 -
1021 4257 1104 4306 robore
1116 4272 1232 4322 ciprum,
