<?xml version="1.0" encoding="UTF-8"?>
<!DOCTYPE html PUBLIC "-//W3C//DTD XHTML 1.0 Transitional//EN"
    "http://www.w3.org/TR/xhtml1/DTD/xhtml1-transitional.dtd">
<html xmlns="http://www.w3.org/1999/xhtml" xml:lang="en" lang="en">
 <head>
  <title>
</title>
<meta http-equiv="Content-Type" content="text/html;charset=utf-8" />
  <meta name='ocr-system' content='tesseract 3.04.00' />
  <meta name='ocr-capabilities' content='ocr_page ocr_carea ocr_par ocr_line ocrx_word'/>
</head>
<body>
  <div class='ocr_page' id='page_1' title='image "./cplinisecundina02grongoog_0157.png"; bbox 0 0 2754 4726; ppageno 0'>
   <div class='ocr_carea' id='block_1_1' title="bbox 130 279 1000 365">
    <p class='ocr_par' dir='ltr' id='par_1_1' title="bbox 130 279 1000 365">
     <span class='ocr_line' id='line_1_1' title="bbox 130 279 1000 365; baseline -0.009 0"><span class='ocrx_word' id='word_1_1' title='bbox 130 301 191 365; x_wconf 79' lang='lat'>146</span> <span class='ocrx_word' id='word_1_2' title='bbox 480 313 684 361; x_wconf 76' lang='lat' dir='ltr'>rsrnannrs</span> <span class='ocrx_word' id='word_1_3' title='bbox 708 312 902 364; x_wconf 78' lang='lat' dir='ltr'>nrsnonrsn</span> <span class='ocrx_word' id='word_1_4' title='bbox 997 279 1000 283; x_wconf 59' lang='grc'>’</span> 
     </span>
    </p>
   </div>
   <div class='ocr_carea' id='block_1_2' title="bbox 71 461 1296 3183">
    <p class='ocr_par' dir='ltr' id='par_1_2' title="bbox 71 461 1296 3183">
     <span class='ocr_line' id='line_1_2' title="bbox 127 461 1296 549; baseline -0.004 -14"><span class='ocrx_word' id='word_1_5' title='bbox 127 467 173 535; x_wconf 88' lang='lat' dir='ltr'>lix</span> <span class='ocrx_word' id='word_1_6' title='bbox 195 487 308 532; x_wconf 88' lang='lat' dir='ltr'>caecos</span> <span class='ocrx_word' id='word_1_7' title='bbox 320 465 430 539; x_wconf 80' lang='lat' dir='ltr'>¹fuisse</span> <span class='ocrx_word' id='word_1_8' title='bbox 452 464 582 531; x_wconf 89' lang='lat' dir='ltr'>diceret.</span> <span class='ocrx_word' id='word_1_9' title='bbox 620 461 783 530; x_wconf 84' lang='lat' dir='ltr'>Convenit</span> <span class='ocrx_word' id='word_1_10' title='bbox 802 485 907 549; x_wconf 89' lang='lat' dir='ltr'>neque</span> <span class='ocrx_word' id='word_1_11' title='bbox 928 463 1021 529; x_wconf 83' lang='lat' dir='ltr'>iuxta</span> <span class='ocrx_word' id='word_1_12' title='bbox 1040 462 1168 548; x_wconf 87' lang='lat' dir='ltr'>paludis</span> <span class='ocrx_word' id='word_1_13' title='bbox 1189 485 1251 548; x_wconf 87' lang='lat' dir='ltr'>po-</span> <span class='ocrx_word' id='word_1_14' title='bbox 1266 485 1296 530; x_wconf 88' lang='lat' dir='ltr'>aa</span> 
     </span>
     <span class='ocr_line' id='line_1_3' title="bbox 126 563 1253 650; baseline 0 -17"><span class='ocrx_word' id='word_1_15' title='bbox 126 567 267 633; x_wconf 90' lang='lat' dir='ltr'>nendam</span> <span class='ocrx_word' id='word_1_16' title='bbox 304 588 376 633; x_wconf 88' lang='lat' dir='ltr'>esse</span> <span class='ocrx_word' id='word_1_17' title='bbox 412 587 518 650; x_wconf 90' lang='lat' dir='ltr'>neque</span> <span class='ocrx_word' id='word_1_18' title='bbox 546 565 681 631; x_wconf 87' lang='lat' dir='ltr'>adverso</span> <span class='ocrx_word' id='word_1_19' title='bbox 713 584 823 642; x_wconf 89' lang='lat' dir='ltr'>amne,</span> <span class='ocrx_word' id='word_1_20' title='bbox 864 586 1059 648; x_wconf 88' lang='lat' dir='ltr'>quamquam</span> <span class='ocrx_word' id='word_1_21' title='bbox 1089 563 1253 633; x_wconf 78' lang='lat' dir='ltr'>Homerus</span> 
     </span>
     <span class='ocr_line' id='line_1_4' title="bbox 128 665 1251 752; baseline -0.001 -20"><span class='ocrx_word' id='word_1_22' title='bbox 128 666 256 732; x_wconf 89' lang='lat' dir='ltr'>omnino</span> <span class='ocrx_word' id='word_1_23' title='bbox 278 666 448 733; x_wconf 82' lang='lat' dir='ltr'>eilumine</span> <span class='ocrx_word' id='word_1_24' title='bbox 471 688 597 752; x_wconf 81' lang='lat' dir='ltr'>semper</span> <span class='ocrx_word' id='word_1_25' title='bbox 618 665 823 736; x_wconf 70' lang='lat' dir='ltr'>antelucanae</span> <span class='ocrx_word' id='word_1_26' title='bbox 838 687 933 730; x_wconf 87' lang='lat' dir='ltr'>auras</span> <span class='ocrx_word' id='word_1_27' title='bbox 953 665 1126 730; x_wconf 88' lang='lat' dir='ltr'>insalubris</span> <span class='ocrx_word' id='word_1_28' title='bbox 1148 668 1251 733; x_wconf 84' lang='lat' dir='ltr'>veris·</span> 
     </span>
     <span class='ocr_line' id='line_1_5' title="bbox 128 766 1250 853; baseline -0.001 -20"><span class='ocrx_word' id='word_1_29' title='bbox 128 767 207 833; x_wconf 90' lang='lat' dir='ltr'>sime</span> <span class='ocrx_word' id='word_1_30' title='bbox 222 766 362 832; x_wconf 81' lang='lat' dir='ltr'>tradidit.</span> <span class='ocrx_word' id='word_1_31' title='bbox 385 767 538 853; x_wconf 85' lang='lat' dir='ltr'>Spectare</span> <span class='ocrx_word' id='word_1_32' title='bbox 559 766 594 831; x_wconf 92' lang='lat' dir='ltr'>in</span> <span class='ocrx_word' id='word_1_33' title='bbox 615 766 773 833; x_wconf 80' lang='lat' dir='ltr'>aestuosis</span> <span class='ocrx_word' id='word_1_34' title='bbox 793 766 873 832; x_wconf 91' lang='lat' dir='ltr'>locis</span> <span class='ocrx_word' id='word_1_35' title='bbox 895 766 1127 852; x_wconf 79' lang='lat' dir='ltr'>septentriones</span> <span class='ocrx_word' id='word_1_36' title='bbox 1142 768 1250 847; x_wconf 89' lang='lat' dir='ltr'>debet,</span> 
     </span>
     <span class='ocr_line' id='line_1_6' title="bbox 125 867 1250 956; baseline 0.005 -23"><span class='ocrx_word' id='word_1_37' title='bbox 125 867 292 934; x_wconf 87' lang='lat' dir='ltr'>meridiem</span> <span class='ocrx_word' id='word_1_38' title='bbox 312 869 347 932; x_wconf 91' lang='lat' dir='ltr'>in</span> <span class='ocrx_word' id='word_1_39' title='bbox 367 868 513 956; x_wconf 80' lang='lat' dir='ltr'>frigidis,</span> <span class='ocrx_word' id='word_1_40' title='bbox 541 867 575 932; x_wconf 93' lang='lat' dir='ltr'>in</span> <span class='ocrx_word' id='word_1_41' title='bbox 598 868 783 953; x_wconf 88' lang='lat' dir='ltr'>temperatis</span> <span class='ocrx_word' id='word_1_42' title='bbox 807 878 951 933; x_wconf 83' lang='lat' dir='ltr'>exortum</span> <span class='ocrx_word' id='word_1_43' title='bbox 973 868 1250 952; x_wconf 80' lang='lat' dir='ltr'>aequinoctialem.</span> 
     </span>
     <span class='ocr_line' id='line_1_7' title="bbox 124 968 1250 1058; baseline 0.004 -25"><span class='ocrx_word' id='word_1_44' title='bbox 124 969 210 1058; x_wconf 85' lang='lat' dir='ltr'>Agri</span> <span class='ocrx_word' id='word_1_45' title='bbox 232 969 334 1056; x_wconf 90' lang='lat' dir='ltr'>ipsius</span> <span class='ocrx_word' id='word_1_46' title='bbox 355 970 482 1035; x_wconf 90' lang='lat' dir='ltr'>bonitas</span> <span class='ocrx_word' id='word_1_47' title='bbox 504 968 622 1055; x_wconf 85' lang='lat' dir='ltr'>quibus</span> <span class='ocrx_word' id='word_1_48' title='bbox 643 969 841 1055; x_wconf 80' lang='lat' dir='ltr'>argumentis</span> <span class='ocrx_word' id='word_1_49' title='bbox 862 969 1036 1035; x_wconf 89' lang='lat' dir='ltr'>iudicanda</span> <span class='ocrx_word' id='word_1_50' title='bbox 1057 969 1113 1048; x_wconf 87' lang='lat' dir='ltr'>sit,</span> <span class='ocrx_word' id='word_1_51' title='bbox 1135 985 1250 1053; x_wconf 80' lang='lat' dir='ltr'>quem-</span> 
     </span>
     <span class='ocr_line' id='line_1_8' title="bbox 124 1056 1250 1159; baseline 0 -23"><span class='ocrx_word' id='word_1_52' title='bbox 124 1093 220 1156; x_wconf 88' lang='lat' dir='ltr'>quam</span> <span class='ocrx_word' id='word_1_53' title='bbox 249 1071 291 1136; x_wconf 91' lang='lat' dir='ltr'>de</span> <span class='ocrx_word' id='word_1_54' title='bbox 318 1083 422 1137; x_wconf 89' lang='lat' dir='ltr'>terrae</span> <span class='ocrx_word' id='word_1_55' title='bbox 448 1056 568 1159; x_wconf 84' lang='lat' dir='ltr'>genere</span> <span class='ocrx_word' id='word_1_56' title='bbox 596 1080 728 1156; x_wconf 91' lang='lat' dir='ltr'>optumo</span> <span class='ocrx_word' id='word_1_57' title='bbox 755 1070 950 1139; x_wconf 85' lang='lat' dir='ltr'>disserentes</span> <span class='ocrx_word' id='word_1_58' title='bbox 978 1069 1106 1136; x_wconf 87' lang='lat' dir='ltr'>abunde</span> <span class='ocrx_word' id='word_1_59' title='bbox 1127 1070 1250 1137; x_wconf 82' lang='lat' dir='ltr'>dixisse</span> 
     </span>
     <span class='ocr_line' id='line_1_9' title="bbox 124 1170 1249 1261; baseline -0.001 -23"><span class='ocrx_word' id='word_1_60' title='bbox 124 1195 298 1259; x_wconf 87' lang='lat' dir='ltr'>possumus</span> <span class='ocrx_word' id='word_1_61' title='bbox 318 1172 435 1250; x_wconf 88' lang='lat' dir='ltr'>videri,</span> <span class='ocrx_word' id='word_1_62' title='bbox 458 1173 634 1261; x_wconf 78' lang='lat' dir='ltr'>etiamnum</span> <span class='ocrx_word' id='word_1_63' title='bbox 656 1182 762 1237; x_wconf 90' lang='lat' dir='ltr'>tamen</span> <span class='ocrx_word' id='word_1_64' title='bbox 783 1171 916 1236; x_wconf 89' lang='lat' dir='ltr'>traditas</span> <span class='ocrx_word' id='word_1_65' title='bbox 935 1184 1030 1239; x_wconf 87' lang='lat' dir='ltr'>notas</span> <span class='ocrx_word' id='word_1_66' title='bbox 1044 1170 1249 1257; x_wconf 88' lang='lat' dir='ltr'>subsignabi-</span> 
     </span>
     <span class='ocr_line' id='line_1_10' title="bbox 123 1271 1296 1359; baseline -0.005 -19"><span class='ocrx_word' id='word_1_67' title='bbox 123 1297 197 1340; x_wconf 90' lang='lat' dir='ltr'>mus</span> <span class='ocrx_word' id='word_1_68' title='bbox 221 1271 353 1339; x_wconf 86' lang='lat' dir='ltr'>Catonis</span> <span class='ocrx_word' id='word_1_69' title='bbox 373 1295 522 1338; x_wconf 79' lang='lat' dir='ltr'>maxume</span> <span class='ocrx_word' id='word_1_70' title='bbox 544 1272 668 1338; x_wconf 85' lang='lat' dir='ltr'>verbis:</span> <span class='ocrx_word' id='word_1_71' title='bbox 699 1272 852 1351; x_wconf 90' lang='lat' dir='ltr'>„ebulum</span> <span class='ocrx_word' id='word_1_72' title='bbox 874 1273 925 1337; x_wconf 90' lang='lat' dir='ltr'>vel</span> <span class='ocrx_word' id='word_1_73' title='bbox 947 1294 1071 1359; x_wconf 89' lang='lat' dir='ltr'>prunus</span> <span class='ocrx_word' id='word_1_74' title='bbox 1094 1273 1250 1341; x_wconf 85' lang='lat' dir='ltr'>silvestris</span> <span class='ocrx_word' id='word_1_75' title='bbox 1263 1292 1296 1336; x_wconf 76' lang='lat' dir='ltr'>ar</span> 
     </span>
     <span class='ocr_line' id='line_1_11' title="bbox 124 1373 1250 1460; baseline 0.001 -20"><span class='ocrx_word' id='word_1_76' title='bbox 124 1377 178 1440; x_wconf 85' lang='lat' dir='ltr'>vel</span> <span class='ocrx_word' id='word_1_77' title='bbox 191 1375 302 1453; x_wconf 91' lang='lat' dir='ltr'>rubus,</span> <span class='ocrx_word' id='word_1_78' title='bbox 318 1373 436 1440; x_wconf 87' lang='lat' dir='ltr'>bulbus</span> <span class='ocrx_word' id='word_1_79' title='bbox 451 1374 602 1452; x_wconf 90' lang='lat' dir='ltr'>minutus,</span> <span class='ocrx_word' id='word_1_80' title='bbox 619 1374 779 1451; x_wconf 83' lang='lat' dir='ltr'>trifolium,</span> <span class='ocrx_word' id='word_1_81' title='bbox 795 1373 894 1440; x_wconf 89' lang='lat' dir='ltr'>herba</span> <span class='ocrx_word' id='word_1_82' title='bbox 908 1373 1079 1460; x_wconf 88' lang='lat' dir='ltr'>pratensis,</span> <span class='ocrx_word' id='word_1_83' title='bbox 1098 1394 1250 1458; x_wconf 89' lang='lat' dir='ltr'>quereus,</span> 
     </span>
     <span class='ocr_line' id='line_1_12' title="bbox 71 1457 1256 1562; baseline 0.003 -21"><span class='ocrx_word' id='word_1_84' title='bbox 71 1506 73 1514; x_wconf 40' lang='lat' dir='ltr'><em>s</em></span> <span class='ocrx_word' id='word_1_85' title='bbox 125 1457 279 1541; x_wconf 64' lang='lat' dir='ltr'>siluestris</span> <span class='ocrx_word' id='word_1_86' title='bbox 301 1475 391 1561; x_wconf 90' lang='lat' dir='ltr'>pirus</span> <span class='ocrx_word' id='word_1_87' title='bbox 413 1475 578 1559; x_wconf 89' lang='lat' dir='ltr'>malusque</span> <span class='ocrx_word' id='word_1_88' title='bbox 601 1473 802 1541; x_wconf 78' lang='lat' dir='ltr'>frumentarii</span> <span class='ocrx_word' id='word_1_89' title='bbox 830 1473 888 1539; x_wconf 90' lang='lat' dir='ltr'>soli</span> <span class='ocrx_word' id='word_1_90' title='bbox 908 1484 1022 1550; x_wconf 90' lang='lat' dir='ltr'>notae;</span> <span class='ocrx_word' id='word_1_91' title='bbox 1050 1475 1128 1543; x_wconf 89' lang='lat' dir='ltr'>item</span> <span class='ocrx_word' id='word_1_92' title='bbox 1153 1475 1256 1562; x_wconf 75' lang='lat' dir='ltr'>nigra</span> 
     </span>
     <span class='ocr_line' id='line_1_13' title="bbox 125 1573 1248 1662; baseline 0 -20"><span class='ocrx_word' id='word_1_93' title='bbox 125 1588 225 1656; x_wconf 91' lang='lat' dir='ltr'>terra,</span> <span class='ocrx_word' id='word_1_94' title='bbox 248 1585 281 1642; x_wconf 86' lang='lat' dir='ltr'>at</span> <span class='ocrx_word' id='word_1_95' title='bbox 299 1587 331 1642; x_wconf 92' lang='lat' dir='ltr'>et</span> <span class='ocrx_word' id='word_1_96' title='bbox 345 1577 464 1642; x_wconf 89' lang='lat' dir='ltr'>cinerei</span> <span class='ocrx_word' id='word_1_97' title='bbox 479 1577 602 1643; x_wconf 87' lang='lat' dir='ltr'>coloris.</span> <span class='ocrx_word' id='word_1_98' title='bbox 630 1573 746 1642; x_wconf 89' lang='lat' dir='ltr'>Omnis</span> <span class='ocrx_word' id='word_1_99' title='bbox 761 1587 848 1642; x_wconf 86' lang='lat' dir='ltr'>creta</span> <span class='ocrx_word' id='word_1_100' title='bbox 863 1586 980 1661; x_wconf 90' lang='lat' dir='ltr'>coquet</span> <span class='ocrx_word' id='word_1_101' title='bbox 993 1576 1057 1642; x_wconf 89' lang='lat' dir='ltr'>nisi</span> <span class='ocrx_word' id='word_1_102' title='bbox 1071 1599 1248 1662; x_wconf 77' lang='lat' dir='ltr'>permacra,</span> 
     </span>
     <span class='ocr_line' id='line_1_14' title="bbox 125 1676 1273 1768; baseline -0.002 -23"><span class='ocrx_word' id='word_1_103' title='bbox 125 1679 354 1763; x_wconf 88' lang='lat' dir='ltr'>sabulumque,</span> <span class='ocrx_word' id='word_1_104' title='bbox 380 1676 442 1742; x_wconf 90' lang='lat' dir='ltr'>nisi</span> <span class='ocrx_word' id='word_1_105' title='bbox 468 1678 503 1742; x_wconf 91' lang='lat' dir='ltr'>id</span> <span class='ocrx_word' id='word_1_106' title='bbox 530 1678 626 1743; x_wconf 90' lang='lat' dir='ltr'>etiam</span> <span class='ocrx_word' id='word_1_107' title='bbox 652 1687 808 1761; x_wconf 90' lang='lat' dir='ltr'>pertenue</span> <span class='ocrx_word' id='word_1_108' title='bbox 836 1687 902 1754; x_wconf 89' lang='lat' dir='ltr'>est,</span> <span class='ocrx_word' id='word_1_109' title='bbox 933 1687 964 1743; x_wconf 90' lang='lat' dir='ltr'>et</span> <span class='ocrx_word' id='word_1_110' title='bbox 990 1679 1090 1744; x_wconf 90' lang='lat' dir='ltr'>multo</span> <span class='ocrx_word' id='word_1_111' title='bbox 1116 1699 1273 1768; x_wconf 16' lang='lat' dir='ltr'>campe·-</span> 
     </span>
     <span class='ocr_line' id='line_1_15' title="bbox 125 1777 1296 1866; baseline -0.003 -22"><span class='ocrx_word' id='word_1_112' title='bbox 125 1778 244 1845; x_wconf 88' lang='lat' dir='ltr'>stribus</span> <span class='ocrx_word' id='word_1_113' title='bbox 263 1778 368 1865; x_wconf 89' lang='lat' dir='ltr'>magis</span> <span class='ocrx_word' id='word_1_114' title='bbox 387 1800 484 1862; x_wconf 88' lang='lat' dir='ltr'>quam</span> <span class='ocrx_word' id='word_1_115' title='bbox 505 1777 632 1843; x_wconf 82' lang='lat' dir='ltr'>clivosis</span> <span class='ocrx_word' id='word_1_116' title='bbox 647 1779 844 1863; x_wconf 86' lang='lat' dir='ltr'>respondent</span> <span class='ocrx_word' id='word_1_117' title='bbox 859 1779 1004 1844; x_wconf 85' lang='lat' dir='ltr'>eadem.’&#39;</span> <span class='ocrx_word' id='word_1_118' title='bbox 1026 1777 1162 1847; x_wconf 90' lang='lat' dir='ltr'>Modum</span> <span class='ocrx_word' id='word_1_119' title='bbox 1176 1779 1296 1866; x_wconf 76' lang='lat' dir='ltr'>agria</span> 
     </span>
     <span class='ocr_line' id='line_1_16' title="bbox 122 1879 1249 1967; baseline -0.003 -22"><span class='ocrx_word' id='word_1_120' title='bbox 122 1880 156 1945; x_wconf 94' lang='lat' dir='ltr'>in</span> <span class='ocrx_word' id='word_1_121' title='bbox 177 1880 290 1965; x_wconf 89' lang='lat' dir='ltr'>primis</span> <span class='ocrx_word' id='word_1_122' title='bbox 313 1880 507 1944; x_wconf 88' lang='lat' dir='ltr'>servandum</span> <span class='ocrx_word' id='word_1_123' title='bbox 528 1879 651 1963; x_wconf 90' lang='lat' dir='ltr'>antiqui</span> <span class='ocrx_word' id='word_1_124' title='bbox 673 1891 843 1966; x_wconf 85' lang='lat' dir='ltr'>putavere;</span> <span class='ocrx_word' id='word_1_125' title='bbox 867 1880 986 1967; x_wconf 91' lang='lat' dir='ltr'>quippe</span> <span class='ocrx_word' id='word_1_126' title='bbox 1000 1880 1046 1948; x_wconf 88' lang='lat' dir='ltr'>ita</span> <span class='ocrx_word' id='word_1_127' title='bbox 1061 1879 1249 1957; x_wconf 86' lang='lat' dir='ltr'>censebant,</span> 
     </span>
     <span class='ocr_line' id='line_1_17' title="bbox 125 1980 1250 2065; baseline 0.001 -17"><span class='ocrx_word' id='word_1_128' title='bbox 125 1981 226 2048; x_wconf 88' lang='lat' dir='ltr'>satius</span> <span class='ocrx_word' id='word_1_129' title='bbox 256 2003 326 2046; x_wconf 89' lang='lat' dir='ltr'>esse</span> <span class='ocrx_word' id='word_1_130' title='bbox 353 1982 461 2046; x_wconf 89' lang='lat' dir='ltr'>minus</span> <span class='ocrx_word' id='word_1_131' title='bbox 487 2003 592 2046; x_wconf 89' lang='lat' dir='ltr'>serere</span> <span class='ocrx_word' id='word_1_132' title='bbox 620 1992 653 2046; x_wconf 94' lang='lat' dir='ltr'>et</span> <span class='ocrx_word' id='word_1_133' title='bbox 673 1981 788 2047; x_wconf 90' lang='lat' dir='ltr'>melius</span> <span class='ocrx_word' id='word_1_134' title='bbox 810 2004 918 2060; x_wconf 89' lang='lat' dir='ltr'>arare,</span> <span class='ocrx_word' id='word_1_135' title='bbox 950 2003 1015 2065; x_wconf 91' lang='lat' dir='ltr'>qua</span> <span class='ocrx_word' id='word_1_136' title='bbox 1034 1980 1069 2049; x_wconf 85' lang='lat' dir='ltr'>iu</span> <span class='ocrx_word' id='word_1_137' title='bbox 1090 1981 1250 2049; x_wconf 85' lang='lat' dir='ltr'>sententia</span> 
     </span>
     <span class='ocr_line' id='line_1_18' title="bbox 125 2080 1249 2167; baseline 0.003 -21"><span class='ocrx_word' id='word_1_138' title='bbox 125 2092 158 2146; x_wconf 92' lang='lat' dir='ltr'>et</span> <span class='ocrx_word' id='word_1_139' title='bbox 178 2080 360 2167; x_wconf 84' lang='lat' dir='ltr'>Vergilium</span> <span class='ocrx_word' id='word_1_140' title='bbox 381 2081 482 2146; x_wconf 88' lang='lat' dir='ltr'>fuisse</span> <span class='ocrx_word' id='word_1_141' title='bbox 503 2082 617 2157; x_wconf 89' lang='lat' dir='ltr'>video;</span> <span class='ocrx_word' id='word_1_142' title='bbox 640 2104 815 2166; x_wconf 90' lang='lat' dir='ltr'>verumque</span> <span class='ocrx_word' id='word_1_143' title='bbox 837 2081 1060 2149; x_wconf 89' lang='lat' dir='ltr'>confitentibus</span> <span class='ocrx_word' id='word_1_144' title='bbox 1077 2081 1249 2152; x_wconf 82' lang='lat' dir='ltr'>latifundia</span> 
     </span>
     <span class='ocr_line' id='line_1_19' title="bbox 123 2180 1248 2269; baseline 0.004 -24"><span class='ocrx_word' id='word_1_145' title='bbox 123 2181 295 2267; x_wconf 87' lang='lat' dir='ltr'>perdidere</span> <span class='ocrx_word' id='word_1_146' title='bbox 314 2181 458 2260; x_wconf 86' lang='lat' dir='ltr'>Italiam,</span> <span class='ocrx_word' id='word_1_147' title='bbox 485 2181 550 2245; x_wconf 86' lang='lat' dir='ltr'>iam</span> <span class='ocrx_word' id='word_1_148' title='bbox 573 2204 649 2247; x_wconf 88' lang='lat' dir='ltr'>vero</span> <span class='ocrx_word' id='word_1_149' title='bbox 672 2194 704 2246; x_wconf 91' lang='lat' dir='ltr'>et</span> <span class='ocrx_word' id='word_1_150' title='bbox 725 2183 916 2269; x_wconf 84' lang='lat' dir='ltr'>provincias.</span> <span class='ocrx_word' id='word_1_151' title='bbox 949 2180 1017 2250; x_wconf 84' lang='lat' dir='ltr'>Sex</span> <span class='ocrx_word' id='word_1_152' title='bbox 1044 2184 1166 2252; x_wconf 88' lang='lat' dir='ltr'>domini</span> <span class='ocrx_word' id='word_1_153' title='bbox 1193 2206 1248 2249; x_wconf 92' lang='lat' dir='ltr'>se-</span> 
     </span>
     <span class='ocr_line' id='line_1_20' title="bbox 122 2281 1248 2371; baseline 0.005 -24"><span class='ocrx_word' id='word_1_154' title='bbox 122 2282 252 2347; x_wconf 88' lang='lat' dir='ltr'>missem</span> <span class='ocrx_word' id='word_1_155' title='bbox 274 2281 406 2348; x_wconf 78' lang='lat' dir='ltr'>Africae</span> <span class='ocrx_word' id='word_1_156' title='bbox 427 2282 651 2368; x_wconf 87' lang='lat' dir='ltr'>possidebant,</span> <span class='ocrx_word' id='word_1_157' title='bbox 685 2306 757 2349; x_wconf 89' lang='lat' dir='ltr'>eum</span> <span class='ocrx_word' id='word_1_158' title='bbox 783 2285 942 2353; x_wconf 84' lang='lat' dir='ltr'>interfecit</span> <span class='ocrx_word' id='word_1_159' title='bbox 968 2307 1023 2356; x_wconf 88' lang='lat' dir='ltr'>eoa</span> <span class='ocrx_word' id='word_1_160' title='bbox 1043 2285 1132 2355; x_wconf 86' lang='lat' dir='ltr'>Nero</span> <span class='ocrx_word' id='word_1_161' title='bbox 1152 2284 1248 2371; x_wconf 79' lang='lat' dir='ltr'>prin-</span> 
     </span>
     <span class='ocr_line' id='line_1_21' title="bbox 123 2383 1249 2472; baseline 0.002 -23"><span class='ocrx_word' id='word_1_162' title='bbox 123 2405 210 2468; x_wconf 88' lang='lat' dir='ltr'>ceps,</span> <span class='ocrx_word' id='word_1_163' title='bbox 222 2405 287 2447; x_wconf 91' lang='lat' dir='ltr'>non</span> <span class='ocrx_word' id='word_1_164' title='bbox 301 2383 481 2450; x_wconf 85' lang='lat' dir='ltr'>fraudando</span> <span class='ocrx_word' id='word_1_165' title='bbox 496 2384 716 2469; x_wconf 84' lang='lat' dir='ltr'>magnitudine</span> <span class='ocrx_word' id='word_1_166' title='bbox 731 2384 792 2451; x_wconf 92' lang='lat' dir='ltr'>hac</span> <span class='ocrx_word' id='word_1_167' title='bbox 807 2407 932 2470; x_wconf 92' lang='lat' dir='ltr'>quoque</span> <span class='ocrx_word' id='word_1_168' title='bbox 944 2408 1003 2451; x_wconf 85' lang='lat' dir='ltr'>sua</span> <span class='ocrx_word' id='word_1_169' title='bbox 1015 2383 1076 2452; x_wconf 86' lang='lat' dir='ltr'>Cn.</span> <span class='ocrx_word' id='word_1_170' title='bbox 1088 2385 1249 2472; x_wconf 85' lang='lat' dir='ltr'>Pompeio</span> 
     </span>
     <span class='ocr_line' id='line_1_22' title="bbox 123 2484 1249 2574; baseline 0.008 -28"><span class='ocrx_word' id='word_1_171' title='bbox 123 2484 179 2566; x_wconf 92' lang='lat' dir='ltr'>qui</span> <span class='ocrx_word' id='word_1_172' title='bbox 199 2506 374 2568; x_wconf 90' lang='lat' dir='ltr'>numquam</span> <span class='ocrx_word' id='word_1_173' title='bbox 396 2507 510 2570; x_wconf 83' lang='lat' dir='ltr'>agrum</span> <span class='ocrx_word' id='word_1_174' title='bbox 531 2497 691 2553; x_wconf 87' lang='lat' dir='ltr'>mercatus</span> <span class='ocrx_word' id='word_1_175' title='bbox 706 2495 755 2551; x_wconf 90' lang='lat' dir='ltr'>est</span> <span class='ocrx_word' id='word_1_176' title='bbox 770 2487 1011 2552; x_wconf 90' lang='lat' dir='ltr'>conterminum.</span> <span class='ocrx_word' id='word_1_177' title='bbox 1032 2487 1126 2574; x_wconf 78' lang='lat' dir='ltr'>Agru</span> <span class='ocrx_word' id='word_1_178' title='bbox 1136 2498 1249 2573; x_wconf 88' lang='lat' dir='ltr'>empto</span> 
     </span>
     <span class='ocr_line' id='line_1_23' title="bbox 123 2585 1246 2675; baseline 0.004 -26"><span class='ocrx_word' id='word_1_179' title='bbox 123 2585 253 2650; x_wconf 87' lang='lat' dir='ltr'>domum</span> <span class='ocrx_word' id='word_1_180' title='bbox 277 2586 480 2652; x_wconf 88' lang='lat' dir='ltr'>vendendam</span> <span class='ocrx_word' id='word_1_181' title='bbox 512 2587 719 2656; x_wconf 87' lang='lat' dir='ltr'>inclementer</span> <span class='ocrx_word' id='word_1_182' title='bbox 745 2598 842 2671; x_wconf 89' lang='lat' dir='ltr'>atque</span> <span class='ocrx_word' id='word_1_183' title='bbox 869 2611 934 2653; x_wconf 88' lang='lat' dir='ltr'>non</span> <span class='ocrx_word' id='word_1_184' title='bbox 962 2611 1003 2654; x_wconf 86' lang='lat' dir='ltr'>ex</span> <span class='ocrx_word' id='word_1_185' title='bbox 1023 2589 1160 2655; x_wconf 90' lang='lat' dir='ltr'>utilitate</span> <span class='ocrx_word' id='word_1_186' title='bbox 1180 2611 1246 2675; x_wconf 88' lang='lat' dir='ltr'>pu·</span> 
     </span>
     <span class='ocr_line' id='line_1_24' title="bbox 121 2682 1245 2776; baseline 0.004 -23"><span class='ocrx_word' id='word_1_187' title='bbox 121 2687 196 2754; x_wconf 89' lang='lat' dir='ltr'>blici</span> <span class='ocrx_word' id='word_1_188' title='bbox 219 2697 321 2753; x_wconf 87' lang='lat' dir='ltr'>status</span> <span class='ocrx_word' id='word_1_189' title='bbox 335 2682 437 2774; x_wconf 89' lang='lat' dir='ltr'>Mago</span> <span class='ocrx_word' id='word_1_190' title='bbox 458 2688 584 2753; x_wconf 90' lang='lat' dir='ltr'>censuit</span> <span class='ocrx_word' id='word_1_191' title='bbox 603 2687 663 2752; x_wconf 90' lang='lat' dir='ltr'>hoc</span> <span class='ocrx_word' id='word_1_192' title='bbox 685 2689 815 2753; x_wconf 85' lang='lat' dir='ltr'>exordio</span> <span class='ocrx_word' id='word_1_193' title='bbox 836 2702 1011 2776; x_wconf 88' lang='lat' dir='ltr'>praecepta</span> <span class='ocrx_word' id='word_1_194' title='bbox 1029 2690 1245 2776; x_wconf 82' lang='lat' dir='ltr'>panderain·</span> 
     </span>
     <span class='ocr_line' id='line_1_25' title="bbox 121 2790 1245 2876; baseline 0.004 -24"><span class='ocrx_word' id='word_1_195' title='bbox 121 2812 269 2876; x_wconf 85' lang='lat' dir='ltr'>gressus,</span> <span class='ocrx_word' id='word_1_196' title='bbox 292 2798 328 2854; x_wconf 93' lang='lat' dir='ltr'>ut</span> <span class='ocrx_word' id='word_1_197' title='bbox 351 2800 457 2855; x_wconf 88' lang='lat' dir='ltr'>tamen</span> <span class='ocrx_word' id='word_1_198' title='bbox 478 2790 632 2876; x_wconf 86' lang='lat' dir='ltr'>adpareat</span> <span class='ocrx_word' id='word_1_199' title='bbox 650 2790 878 2857; x_wconf 85' lang='lat' dir='ltr'>adsiduitatem</span> <span class='ocrx_word' id='word_1_200' title='bbox 893 2792 1107 2859; x_wconf 87' lang='lat' dir='ltr'>desideratam</span> <span class='ocrx_word' id='word_1_201' title='bbox 1128 2791 1171 2859; x_wconf 83' lang='lat' dir='ltr'>ab</span> <span class='ocrx_word' id='word_1_202' title='bbox 1191 2813 1245 2857; x_wconf 88' lang='lat' dir='ltr'>eo.</span> 
     </span>
     <span class='ocr_line' id='line_1_26' title="bbox 120 2889 1292 2978; baseline 0.005 -24"><span class='ocrx_word' id='word_1_203' title='bbox 120 2889 251 2956; x_wconf 90' lang='lat' dir='ltr'>Dehinc</span> <span class='ocrx_word' id='word_1_204' title='bbox 276 2890 393 2977; x_wconf 90' lang='lat' dir='ltr'>peritia</span> <span class='ocrx_word' id='word_1_205' title='bbox 421 2889 589 2957; x_wconf 90' lang='lat' dir='ltr'>vilicorum</span> <span class='ocrx_word' id='word_1_206' title='bbox 616 2891 650 2956; x_wconf 90' lang='lat' dir='ltr'>in</span> <span class='ocrx_word' id='word_1_207' title='bbox 679 2913 756 2957; x_wconf 91' lang='lat' dir='ltr'>cura</span> <span class='ocrx_word' id='word_1_208' title='bbox 776 2892 925 2959; x_wconf 89' lang='lat' dir='ltr'>habenda</span> <span class='ocrx_word' id='word_1_209' title='bbox 946 2904 996 2960; x_wconf 90' lang='lat' dir='ltr'>est</span> <span class='ocrx_word' id='word_1_210' title='bbox 1015 2894 1179 2978; x_wconf 85' lang='lat' dir='ltr'>multaque</span> <span class='ocrx_word' id='word_1_211' title='bbox 1200 2893 1292 2960; x_wconf 76' lang='lat' dir='ltr'>dees</span> 
     </span>
     <span class='ocr_line' id='line_1_27' title="bbox 120 2990 1243 3082; baseline 0.003 -27"><span class='ocrx_word' id='word_1_212' title='bbox 120 2991 171 3056; x_wconf 91' lang='lat' dir='ltr'>his</span> <span class='ocrx_word' id='word_1_213' title='bbox 193 2990 275 3056; x_wconf 85' lang='lat' dir='ltr'>Cato</span> <span class='ocrx_word' id='word_1_214' title='bbox 297 2992 473 3078; x_wconf 83' lang='lat' dir='ltr'>praecepit3</span> <span class='ocrx_word' id='word_1_215' title='bbox 496 2990 591 3056; x_wconf 91' lang='lat' dir='ltr'>nobis</span> <span class='ocrx_word' id='word_1_216' title='bbox 614 2993 690 3056; x_wconf 85' lang='lat' dir='ltr'>satis</span> <span class='ocrx_word' id='word_1_217' title='bbox 718 2994 759 3057; x_wconf 89' lang='lat' dir='ltr'>sit</span> <span class='ocrx_word' id='word_1_218' title='bbox 780 2994 900 3059; x_wconf 85' lang='lat' dir='ltr'>dixisse</span> <span class='ocrx_word' id='word_1_219' title='bbox 927 3017 1024 3079; x_wconf 91' lang='lat' dir='ltr'>quam</span> <span class='ocrx_word' id='word_1_220' title='bbox 1047 2993 1243 3082; x_wconf 63' lang='lat' dir='ltr'>prosumum</span> 
     </span>
     <span class='ocr_line' id='line_1_28' title="bbox 121 3093 1242 3183; baseline 0.004 -27"><span class='ocrx_word' id='word_1_221' title='bbox 121 3094 248 3159; x_wconf 90' lang='lat' dir='ltr'>domino</span> <span class='ocrx_word' id='word_1_222' title='bbox 277 3094 373 3159; x_wconf 89' lang='lat' dir='ltr'>corde</span> <span class='ocrx_word' id='word_1_223' title='bbox 403 3116 473 3159; x_wconf 88' lang='lat' dir='ltr'>esse</span> <span class='ocrx_word' id='word_1_224' title='bbox 502 3093 618 3159; x_wconf 89' lang='lat' dir='ltr'>debere</span> <span class='ocrx_word' id='word_1_225' title='bbox 647 3104 680 3158; x_wconf 90' lang='lat' dir='ltr'>et</span> <span class='ocrx_word' id='word_1_226' title='bbox 702 3106 808 3159; x_wconf 85' lang='lat' dir='ltr'>tamen</span> <span class='ocrx_word' id='word_1_227' title='bbox 831 3094 1021 3183; x_wconf 88' lang='lat' dir='ltr'>sibimetipsi</span> <span class='ocrx_word' id='word_1_228' title='bbox 1041 3119 1106 3162; x_wconf 92' lang='lat' dir='ltr'>non</span> <span class='ocrx_word' id='word_1_229' title='bbox 1128 3096 1242 3162; x_wconf 87' lang='lat' dir='ltr'>videri.</span> 
     </span>
    </p>
   </div>
   <div class='ocr_carea' id='block_1_3' title="bbox 116 3263 1285 4155">
    <p class='ocr_par' dir='ltr' id='par_1_3' title="bbox 154 3263 755 3328">
     <span class='ocr_line' id='line_1_29' title="bbox 154 3263 755 3328; baseline 0.007 -15"><span class='ocrx_word' id='word_1_230' title='bbox 154 3281 243 3325; x_wconf 83' lang='lat' dir='ltr'>caecos,</span> <span class='ocrx_word' id='word_1_231' title='bbox 255 3281 278 3314; x_wconf 86' lang='lat' dir='ltr'>a.</span> <span class='ocrx_word' id='word_1_232' title='bbox 298 3305 328 3314; x_wconf 82' lang='grc'>,.</span> <span class='ocrx_word' id='word_1_233' title='bbox 348 3263 443 3327; x_wconf 86' lang='lat' dir='ltr'>diceret,</span> <span class='ocrx_word' id='word_1_234' title='bbox 454 3269 525 3317; x_wconf 90' lang='lat' dir='ltr'>codd.</span> <span class='ocrx_word' id='word_1_235' title='bbox 539 3267 595 3318; x_wconf 87' lang='lat' dir='ltr'>Gel.</span> <span class='ocrx_word' id='word_1_236' title='bbox 613 3266 698 3328; x_wconf 78' lang='lat' dir='ltr'>dicere,</span> <span class='ocrx_word' id='word_1_237' title='bbox 710 3271 755 3319; x_wconf 89' lang='lat' dir='ltr'>ad.</span> 
     </span>
    </p>

    <p class='ocr_par' dir='ltr' id='par_1_4' title="bbox 118 3331 1242 3798">
     <span class='ocr_line' id='line_1_30' title="bbox 154 3331 1241 3398; baseline 0.006 -18"><span class='ocrx_word' id='word_1_238' title='bbox 154 3335 221 3394; x_wconf 66' lang='lat' dir='ltr'>§aa</span> <span class='ocrx_word' id='word_1_239' title='bbox 240 3347 439 3395; x_wconf 33' lang='lat' dir='ltr'>aequareque,</span> <span class='ocrx_word' id='word_1_240' title='bbox 452 3337 495 3381; x_wconf 89' lang='lat' dir='ltr'>ad.</span> <span class='ocrx_word' id='word_1_241' title='bbox 514 3349 680 3395; x_wconf 52' lang='lat' dir='ltr'>amneque,</span> <span class='ocrx_word' id='word_1_242' title='bbox 692 3331 743 3398; x_wconf 73' lang='grc' dir='ltr'>βγ.</span> <span class='ocrx_word' id='word_1_243' title='bbox 763 3377 792 3384; x_wconf 91' lang='grc'>..</span> <span class='ocrx_word' id='word_1_244' title='bbox 811 3334 912 3385; x_wconf 78' lang='lat' dir='ltr'>adverso</span> <span class='ocrx_word' id='word_1_245' title='bbox 932 3353 955 3386; x_wconf 86' lang='lat' dir='ltr'>a.</span> <span class='ocrx_word' id='word_1_246' title='bbox 973 3353 1003 3386; x_wconf 80' lang='lat' dir='ltr'>er</span> <span class='ocrx_word' id='word_1_247' title='bbox 1014 3336 1121 3398; x_wconf 81' lang='lat' dir='ltr'>aduerso,</span> <span class='ocrx_word' id='word_1_248' title='bbox 1134 3338 1187 3387; x_wconf 81' lang='lat' dir='ltr'>Tc.</span> <span class='ocrx_word' id='word_1_249' title='bbox 1208 3377 1241 3387; x_wconf 89' lang='lat'>..</span> 
     </span>
     <span class='ocr_line' id='line_1_31' title="bbox 119 3373 1242 3467; baseline 0.006 -19"><span class='ocrx_word' id='word_1_250' title='bbox 119 3398 238 3455; x_wconf 81' lang='lat' dir='ltr'>Homerus</span> <span class='ocrx_word' id='word_1_251' title='bbox 250 3401 342 3462; x_wconf 85' lang='lat' dir='ltr'>Odyss.</span> <span class='ocrx_word' id='word_1_252' title='bbox 355 3412 380 3457; x_wconf 85' lang='grc' dir='ltr'>ε,</span> <span class='ocrx_word' id='word_1_253' title='bbox 394 3404 451 3448; x_wconf 83' lang='grc'><strong>469.</strong></span> <span class='ocrx_word' id='word_1_254' title='bbox 471 3439 501 3447; x_wconf 88' lang='grc'>..</span> <span class='ocrx_word' id='word_1_255' title='bbox 520 3415 542 3458; x_wconf 92' lang='lat' dir='ltr'>e,</span> <span class='ocrx_word' id='word_1_256' title='bbox 555 3401 636 3449; x_wconf 89' lang='lat' dir='ltr'>omitt.</span> <span class='ocrx_word' id='word_1_257' title='bbox 649 3404 693 3450; x_wconf 86' lang='lat' dir='ltr'>ad.</span> <span class='ocrx_word' id='word_1_258' title='bbox 710 3442 741 3451; x_wconf 77' lang='lat'>..</span> <span class='ocrx_word' id='word_1_259' title='bbox 759 3402 889 3465; x_wconf 81' lang='lat' dir='ltr'>uestiacsis,</span> <span class='ocrx_word' id='word_1_260' title='bbox 905 3373 933 3453; x_wconf 66' lang='lat' dir='ltr'>d.</span> <span class='ocrx_word' id='word_1_261' title='bbox 947 3445 978 3454; x_wconf 83' lang='lat'><em>-</em></span> <span class='ocrx_word' id='word_1_262' title='bbox 997 3404 1022 3452; x_wconf 85' lang='lat' dir='ltr'>in</span> <span class='ocrx_word' id='word_1_263' title='bbox 1033 3413 1092 3455; x_wconf 90' lang='lat' dir='ltr'>ante</span> <span class='ocrx_word' id='word_1_264' title='bbox 1104 3403 1242 3467; x_wconf 78' lang='lat' dir='ltr'>temperatis</span> 
     </span>
     <span class='ocr_line' id='line_1_32' title="bbox 120 3465 1241 3537; baseline 0.004 -21"><span class='ocrx_word' id='word_1_265' title='bbox 120 3468 202 3516; x_wconf 89' lang='lat' dir='ltr'>omitt.</span> <span class='ocrx_word' id='word_1_266' title='bbox 216 3469 259 3516; x_wconf 86' lang='lat' dir='ltr'>ud.</span> <span class='ocrx_word' id='word_1_267' title='bbox 280 3507 310 3515; x_wconf 79' lang='grc'>-</span> <span class='ocrx_word' id='word_1_268' title='bbox 333 3481 416 3528; x_wconf 81' lang='lat' dir='ltr'>penere</span> <span class='ocrx_word' id='word_1_269' title='bbox 428 3465 520 3528; x_wconf 84' lang='lat' dir='ltr'>optimo,</span> <span class='ocrx_word' id='word_1_270' title='bbox 533 3467 577 3514; x_wconf 90' lang='lat' dir='ltr'>ad.</span> <span class='ocrx_word' id='word_1_271' title='bbox 599 3467 684 3528; x_wconf 84' lang='lat' dir='ltr'>optimo</span> <span class='ocrx_word' id='word_1_272' title='bbox 695 3484 786 3531; x_wconf 80' lang='lat' dir='ltr'>penere,</span> <span class='ocrx_word' id='word_1_273' title='bbox 798 3466 848 3533; x_wconf 76' lang='grc' dir='ltr'>βγ.</span> <span class='ocrx_word' id='word_1_274' title='bbox 869 3511 899 3519; x_wconf 86' lang='grc'>..</span> <span class='ocrx_word' id='word_1_275' title='bbox 918 3470 1057 3520; x_wconf 76' lang='lat' dir='ltr'>disserentes</span> <span class='ocrx_word' id='word_1_276' title='bbox 1070 3476 1110 3532; x_wconf 82' lang='lat'>17,</span> <span class='ocrx_word' id='word_1_277' title='bbox 1124 3478 1154 3522; x_wconf 84' lang='lat'>25</span> <span class='ocrx_word' id='word_1_278' title='bbox 1168 3487 1241 3537; x_wconf 88' lang='lat' dir='ltr'>seqq.</span> 
     </span>
     <span class='ocr_line' id='line_1_33' title="bbox 121 3531 1240 3603; baseline 0.007 -22"><span class='ocrx_word' id='word_1_279' title='bbox 121 3575 151 3582; x_wconf 76' lang='grc'>-</span> <span class='ocrx_word' id='word_1_280' title='bbox 171 3535 297 3591; x_wconf 78' lang='lat' dir='ltr'>etiannum,</span> <span class='ocrx_word' id='word_1_281' title='bbox 311 3550 333 3583; x_wconf 89' lang='lat' dir='ltr'>a.</span> <span class='ocrx_word' id='word_1_282' title='bbox 354 3573 385 3583; x_wconf 78' lang='grc'>..</span> <span class='ocrx_word' id='word_1_283' title='bbox 406 3531 509 3581; x_wconf 67' lang='lat' dir='ltr'>Catones</span> <span class='ocrx_word' id='word_1_284' title='bbox 528 3533 594 3582; x_wconf 84' lang='lat' dir='ltr'>Cum</span> <span class='ocrx_word' id='word_1_285' title='bbox 607 3549 701 3595; x_wconf 88' lang='lat' dir='ltr'>eornm,</span> <span class='ocrx_word' id='word_1_286' title='bbox 719 3537 1018 3601; x_wconf 81' lang='lat' dir='ltr'>quaeinfrasequuntur,</span> <span class='ocrx_word' id='word_1_287' title='bbox 1031 3540 1157 3588; x_wconf 85' lang='lat' dir='ltr'>nihilium</span> <span class='ocrx_word' id='word_1_288' title='bbox 1171 3543 1240 3603; x_wconf 88' lang='lat' dir='ltr'>apud</span> 
     </span>
     <span class='ocr_line' id='line_1_34' title="bbox 120 3598 1240 3666; baseline 0.005 -14"><span class='ocrx_word' id='word_1_289' title='bbox 120 3603 243 3653; x_wconf 81' lang='lat' dir='ltr'>Catonem</span> <span class='ocrx_word' id='word_1_290' title='bbox 261 3610 350 3663; x_wconf 88' lang='lat' dir='ltr'>exstet,</span> <span class='ocrx_word' id='word_1_291' title='bbox 365 3602 432 3650; x_wconf 88' lang='lat' dir='ltr'>Pint.</span> <span class='ocrx_word' id='word_1_292' title='bbox 458 3598 599 3648; x_wconf 82' lang='lat' dir='ltr'>Columellas</span> <span class='ocrx_word' id='word_1_293' title='bbox 614 3617 735 3665; x_wconf 89' lang='lat' dir='ltr'>reponere</span> <span class='ocrx_word' id='word_1_294' title='bbox 753 3605 834 3654; x_wconf 89' lang='lat' dir='ltr'>voluit</span> <span class='ocrx_word' id='word_1_295' title='bbox 850 3608 909 3655; x_wconf 90' lang='lat' dir='ltr'>coll.</span> <span class='ocrx_word' id='word_1_296' title='bbox 922 3606 1022 3657; x_wconf 84' lang='lat' dir='ltr'>Colum.</span> <span class='ocrx_word' id='word_1_297' title='bbox 1040 3607 1074 3655; x_wconf 88' lang='grc' dir='ltr'>Π.</span> <span class='ocrx_word' id='word_1_298' title='bbox 1093 3614 1116 3666; x_wconf 77' lang='lat'>2,</span> <span class='ocrx_word' id='word_1_299' title='bbox 1136 3614 1175 3657; x_wconf 87' lang='lat'>14.</span> <span class='ocrx_word' id='word_1_300' title='bbox 1189 3614 1240 3666; x_wconf 70' lang='lat'>20„</span> 
     </span>
     <span class='ocr_line' id='line_1_35' title="bbox 118 3667 1241 3733; baseline 0.005 -15"><span class='ocrx_word' id='word_1_301' title='bbox 118 3671 197 3719; x_wconf 73' lang='lat' dir='ltr'>Haud.</span> <span class='ocrx_word' id='word_1_302' title='bbox 221 3669 343 3733; x_wconf 65' lang='lat' dir='ltr'>Magonis,</span> <span class='ocrx_word' id='word_1_303' title='bbox 360 3667 579 3718; x_wconf 83' lang='lat' dir='ltr'>Klotn.in1ahn.</span> <span class='ocrx_word' id='word_1_304' title='bbox 596 3669 686 3718; x_wconf 89' lang='lat' dir='ltr'>horreo</span> <span class='ocrx_word' id='word_1_305' title='bbox 701 3677 740 3730; x_wconf 88' lang='lat'>10,</span> <span class='ocrx_word' id='word_1_306' title='bbox 755 3677 793 3720; x_wconf 85' lang='lat'>59.</span> <span class='ocrx_word' id='word_1_307' title='bbox 811 3681 856 3722; x_wconf 88' lang='lat' dir='ltr'>aut</span> <span class='ocrx_word' id='word_1_308' title='bbox 870 3674 988 3723; x_wconf 89' lang='lat' dir='ltr'>Pintiano</span> <span class='ocrx_word' id='word_1_309' title='bbox 1005 3676 1178 3724; x_wconf 85' lang='lat' dir='ltr'>accedendum</span> <span class='ocrx_word' id='word_1_310' title='bbox 1195 3683 1241 3724; x_wconf 85' lang='lat' dir='ltr'>aut</span> 
     </span>
     <span class='ocr_line' id='line_1_36' title="bbox 121 3732 1035 3798; baseline 0.007 -14"><span class='ocrx_word' id='word_1_311' title='bbox 121 3735 161 3785; x_wconf 81' lang='lat' dir='ltr'>Co.</span> <span class='ocrx_word' id='word_1_312' title='bbox 174 3737 202 3797; x_wconf 85' lang='lat' dir='ltr'>(i.</span> <span class='ocrx_word' id='word_1_313' title='bbox 216 3753 237 3785; x_wconf 93' lang='lat' dir='ltr'>e.</span> <span class='ocrx_word' id='word_1_314' title='bbox 251 3733 376 3797; x_wconf 83' lang='lat' dir='ltr'>Cornelii)</span> <span class='ocrx_word' id='word_1_315' title='bbox 392 3732 454 3784; x_wconf 75' lang='lat' dir='ltr'>Celsi</span> <span class='ocrx_word' id='word_1_316' title='bbox 463 3736 599 3798; x_wconf 83' lang='lat' dir='ltr'>legendum</span> <span class='ocrx_word' id='word_1_317' title='bbox 611 3751 665 3786; x_wconf 89' lang='lat' dir='ltr'>esse</span> <span class='ocrx_word' id='word_1_318' title='bbox 677 3747 768 3788; x_wconf 89' lang='lat' dir='ltr'>censet.</span> <span class='ocrx_word' id='word_1_319' title='bbox 1030 3770 1035 3776; x_wconf 41' lang='grc' dir='ltr'><em>ι</em></span> 
     </span>
    </p>

    <p class='ocr_par' dir='ltr' id='par_1_5' title="bbox 117 3801 1285 4005">
     <span class='ocr_line' id='line_1_37' title="bbox 152 3801 1239 3872; baseline 0.002 -18"><span class='ocrx_word' id='word_1_320' title='bbox 152 3804 219 3864; x_wconf 67' lang='grc' dir='ltr'><strong>ἓ34.</strong></span> <span class='ocrx_word' id='word_1_321' title='bbox 238 3802 366 3866; x_wconf 80' lang='lat' dir='ltr'>malusque,</span> <span class='ocrx_word' id='word_1_322' title='bbox 377 3820 400 3853; x_wconf 92' lang='lat' dir='ltr'>a.</span> <span class='ocrx_word' id='word_1_323' title='bbox 418 3801 502 3865; x_wconf 73' lang='lat' dir='ltr'>inulta,</span> <span class='ocrx_word' id='word_1_324' title='bbox 515 3805 539 3853; x_wconf 92' lang='lat' dir='ltr'>d.</span> <span class='ocrx_word' id='word_1_325' title='bbox 558 3845 589 3854; x_wconf 89' lang='lat'>..</span> <span class='ocrx_word' id='word_1_326' title='bbox 604 3805 760 3868; x_wconf 79' lang='lat' dir='ltr'>frumentari,</span> <span class='ocrx_word' id='word_1_327' title='bbox 772 3821 794 3855; x_wconf 87' lang='lat' dir='ltr'>a.</span> <span class='ocrx_word' id='word_1_328' title='bbox 813 3848 845 3856; x_wconf 88' lang='lat'>-</span> <span class='ocrx_word' id='word_1_329' title='bbox 865 3815 937 3870; x_wconf 74' lang='lat' dir='ltr'>terra,</span> <span class='ocrx_word' id='word_1_330' title='bbox 950 3809 1124 3868; x_wconf 65' lang='lat' dir='ltr'>antitanes</span> <span class='ocrx_word' id='word_1_331' title='bbox 1137 3809 1239 3872; x_wconf 79' lang='lat' dir='ltr'>seripti-</span> 
     </span>
     <span class='ocr_line' id='line_1_38' title="bbox 117 3868 1240 3939; baseline 0.004 -19"><span class='ocrx_word' id='word_1_332' title='bbox 117 3888 181 3921; x_wconf 86' lang='lat' dir='ltr'>mus.</span> <span class='ocrx_word' id='word_1_333' title='bbox 201 3879 287 3919; x_wconf 81' lang='lat' dir='ltr'>terreat</span> <span class='ocrx_word' id='word_1_334' title='bbox 298 3879 327 3927; x_wconf 87' lang='lat' dir='ltr'>et,</span> <span class='ocrx_word' id='word_1_335' title='bbox 340 3889 362 3920; x_wconf 85' lang='lat' dir='ltr'>a.</span> <span class='ocrx_word' id='word_1_336' title='bbox 382 3879 447 3919; x_wconf 79' lang='lat' dir='ltr'>terra</span> <span class='ocrx_word' id='word_1_337' title='bbox 458 3879 488 3933; x_wconf 91' lang='lat' dir='ltr'>et,</span> <span class='ocrx_word' id='word_1_338' title='bbox 501 3868 571 3935; x_wconf 78' lang='grc' dir='ltr'>ᾶβγ.</span> <span class='ocrx_word' id='word_1_339' title='bbox 590 3913 621 3922; x_wconf 85' lang='grc'>..</span> <span class='ocrx_word' id='word_1_340' title='bbox 640 3881 728 3936; x_wconf 85' lang='lat' dir='ltr'>coquet,</span> <span class='ocrx_word' id='word_1_341' title='bbox 740 3891 762 3924; x_wconf 84' lang='lat' dir='ltr'>a.</span> <span class='ocrx_word' id='word_1_342' title='bbox 785 3883 893 3939; x_wconf 81' lang='lat' dir='ltr'>quoquet,</span> <span class='ocrx_word' id='word_1_343' title='bbox 907 3878 931 3925; x_wconf 85' lang='lat' dir='ltr'>d.</span> <span class='ocrx_word' id='word_1_344' title='bbox 949 3875 1034 3938; x_wconf 83' lang='lat' dir='ltr'>coquit,</span> <span class='ocrx_word' id='word_1_345' title='bbox 1044 3871 1095 3939; x_wconf 76' lang='grc' dir='ltr'>βγ.</span> <span class='ocrx_word' id='word_1_346' title='bbox 1113 3916 1146 3926; x_wconf 90' lang='lat'>..</span> <span class='ocrx_word' id='word_1_347' title='bbox 1164 3876 1240 3927; x_wconf 84' lang='lat' dir='ltr'>sabu-</span> 
     </span>
     <span class='ocr_line' id='line_1_39' title="bbox 117 3931 1285 4005; baseline 0.011 -19"><span class='ocrx_word' id='word_1_348' title='bbox 117 3937 215 4002; x_wconf 84' lang='lat' dir='ltr'>luaque‚</span> <span class='ocrx_word' id='word_1_349' title='bbox 232 3931 283 3987; x_wconf 81' lang='grc' dir='ltr'>θᾶ.</span> <span class='ocrx_word' id='word_1_350' title='bbox 301 3938 415 3998; x_wconf 85' lang='lat' dir='ltr'>sabulum,</span> <span class='ocrx_word' id='word_1_351' title='bbox 428 3935 475 4001; x_wconf 69' lang='lat' dir='ltr'>ast.</span> <span class='ocrx_word' id='word_1_352' title='bbox 491 3981 523 3989; x_wconf 82' lang='grc'><strong>-</strong></span> <span class='ocrx_word' id='word_1_353' title='bbox 541 3939 589 3989; x_wconf 78' lang='lat' dir='ltr'>nisi</span> <span class='ocrx_word' id='word_1_354' title='bbox 599 3939 626 3990; x_wconf 84' lang='lat' dir='ltr'>id</span> <span class='ocrx_word' id='word_1_355' title='bbox 636 3940 714 4003; x_wconf 72' lang='lat' dir='ltr'>edan,</span> <span class='ocrx_word' id='word_1_356' title='bbox 730 3934 799 3992; x_wconf 73' lang='lat' dir='ltr'>Oad.</span> <span class='ocrx_word' id='word_1_357' title='bbox 819 3942 889 3991; x_wconf 75' lang='lat' dir='ltr'>elicta</span> <span class='ocrx_word' id='word_1_358' title='bbox 900 3943 948 3993; x_wconf 81' lang='lat' dir='ltr'>nisi</span> <span class='ocrx_word' id='word_1_359' title='bbox 958 3941 991 4004; x_wconf 85' lang='lat' dir='ltr'>id,</span> <span class='ocrx_word' id='word_1_360' title='bbox 1002 3939 1032 4005; x_wconf 76' lang='grc' dir='ltr'>β.</span> <span class='ocrx_word' id='word_1_361' title='bbox 1279 3990 1285 3999; x_wconf 89' lang='grc'><em>,</em></span> 
     </span>
    </p>

    <p class='ocr_par' dir='ltr' id='par_1_6' title="bbox 116 4020 1241 4155">
     <span class='ocr_line' id='line_1_40' title="bbox 150 4020 1241 4091; baseline 0.002 -18"><span class='ocrx_word' id='word_1_362' title='bbox 150 4027 217 4086; x_wconf 68' lang='lat' dir='ltr'>§aa</span> <span class='ocrx_word' id='word_1_363' title='bbox 242 4021 371 4088; x_wconf 68' lang='lat' dir='ltr'>Vergilium</span> <span class='ocrx_word' id='word_1_364' title='bbox 388 4038 473 4086; x_wconf 83' lang='lat' dir='ltr'>georg.</span> <span class='ocrx_word' id='word_1_365' title='bbox 487 4020 580 4084; x_wconf 52' lang='lat'><strong>2³⁹⁷·</strong></span> <span class='ocrx_word' id='word_1_366' title='bbox 599 4065 631 4075; x_wconf 89' lang='lat'>..</span> <span class='ocrx_word' id='word_1_367' title='bbox 658 4023 819 4088; x_wconf 65' lang='lat' dir='ltr'>iuafundium</span> <span class='ocrx_word' id='word_1_368' title='bbox 836 4028 860 4076; x_wconf 93' lang='lat' dir='ltr'>d.</span> <span class='ocrx_word' id='word_1_369' title='bbox 888 4025 1048 4090; x_wconf 77' lang='lat' dir='ltr'>latifundium,</span> <span class='ocrx_word' id='word_1_370' title='bbox 1065 4043 1088 4076; x_wconf 88' lang='lat' dir='ltr'>a.</span> <span class='ocrx_word' id='word_1_371' title='bbox 1109 4067 1140 4075; x_wconf 86' lang='lat'>..</span> <span class='ocrx_word' id='word_1_372' title='bbox 1158 4027 1241 4091; x_wconf 74' lang='lat' dir='ltr'>stau-</span> 
     </span>
     <span class='ocr_line' id='line_1_41' title="bbox 116 4089 951 4155; baseline 0.008 -18"><span class='ocrx_word' id='word_1_373' title='bbox 116 4089 368 4154; x_wconf 67' lang='lat' dir='ltr'>dabo-Pompeium,</span> <span class='ocrx_word' id='word_1_374' title='bbox 379 4091 412 4140; x_wconf 90' lang='lat' dir='ltr'>K.</span> <span class='ocrx_word' id='word_1_375' title='bbox 432 4132 463 4141; x_wconf 82' lang='lat'>..</span> <span class='ocrx_word' id='word_1_376' title='bbox 485 4090 541 4154; x_wconf 77' lang='lat' dir='ltr'>Ga,</span> <span class='ocrx_word' id='word_1_377' title='bbox 554 4109 577 4142; x_wconf 87' lang='lat' dir='ltr'>a.</span> <span class='ocrx_word' id='word_1_378' title='bbox 595 4134 627 4142; x_wconf 86' lang='grc'><strong>-</strong></span> <span class='ocrx_word' id='word_1_379' title='bbox 646 4093 741 4154; x_wconf 84' lang='lat' dir='ltr'>censuit,</span> <span class='ocrx_word' id='word_1_380' title='bbox 754 4109 776 4142; x_wconf 87' lang='lat' dir='ltr'>a.</span> <span class='ocrx_word' id='word_1_381' title='bbox 794 4093 885 4155; x_wconf 87' lang='lat' dir='ltr'>statuit,</span> <span class='ocrx_word' id='word_1_382' title='bbox 897 4095 951 4144; x_wconf 86' lang='lat' dir='ltr'>Td.</span> 
     </span>
    </p>
   </div>
   <div class='ocr_carea' id='block_1_4' title="bbox 115 4181 1242 4342">
    <p class='ocr_par' dir='ltr' id='par_1_7' title="bbox 115 4181 1242 4342">
     <span class='ocr_line' id='line_1_42' title="bbox 150 4181 1242 4264; baseline 0.005 -32"><span class='ocrx_word' id='word_1_383' title='bbox 150 4183 164 4243; x_wconf 62' lang='grc' dir='ltr'><strong>ξ</strong></span> <span class='ocrx_word' id='word_1_384' title='bbox 177 4186 217 4233; x_wconf 80' lang='grc'>36.</span> <span class='ocrx_word' id='word_1_385' title='bbox 236 4183 392 4242; x_wconf 68' lang='lat' dir='ltr'>silicernius</span> <span class='ocrx_word' id='word_1_386' title='bbox 402 4186 504 4264; x_wconf 84' lang='lat' dir='ltr'>ubique.</span> <span class='ocrx_word' id='word_1_387' title='bbox 516 4226 547 4235; x_wconf 79' lang='grc'>..</span> <span class='ocrx_word' id='word_1_388' title='bbox 567 4184 611 4245; x_wconf 72' lang='lat' dir='ltr'>ltu,</span> <span class='ocrx_word' id='word_1_389' title='bbox 623 4201 645 4235; x_wconf 88' lang='lat' dir='ltr'>a.</span> <span class='ocrx_word' id='word_1_390' title='bbox 663 4184 702 4247; x_wconf 85' lang='lat' dir='ltr'>iis,</span> <span class='ocrx_word' id='word_1_391' title='bbox 714 4181 784 4249; x_wconf 77' lang='grc' dir='ltr'>ᾱβγ.</span> <span class='ocrx_word' id='word_1_392' title='bbox 798 4227 829 4236; x_wconf 87' lang='grc'>..</span> <span class='ocrx_word' id='word_1_393' title='bbox 845 4184 946 4237; x_wconf 81' lang='lat' dir='ltr'>Catode</span> <span class='ocrx_word' id='word_1_394' title='bbox 958 4203 985 4237; x_wconf 89' lang='lat' dir='ltr'>re</span> <span class='ocrx_word' id='word_1_395' title='bbox 997 4195 1058 4240; x_wconf 83' lang='lat' dir='ltr'>rust</span> <span class='ocrx_word' id='word_1_396' title='bbox 1069 4192 1093 4238; x_wconf 81' lang='lat'>5.</span> <span class='ocrx_word' id='word_1_397' title='bbox 1107 4226 1134 4237; x_wconf 87' lang='grc'>..</span> <span class='ocrx_word' id='word_1_398' title='bbox 1157 4185 1242 4249; x_wconf 75' lang='lat' dir='ltr'>cade,</span> 
     </span>
     <span class='ocr_line' id='line_1_43' title="bbox 115 4266 1237 4342; baseline 0.008 -18"><span class='ocrx_word' id='word_1_399' title='bbox 115 4292 139 4324; x_wconf 85' lang='lat' dir='ltr'>a.</span> <span class='ocrx_word' id='word_1_400' title='bbox 157 4274 237 4336; x_wconf 86' lang='lat' dir='ltr'>eorda,</span> <span class='ocrx_word' id='word_1_401' title='bbox 250 4279 273 4325; x_wconf 89' lang='lat' dir='ltr'>d.</span> <span class='ocrx_word' id='word_1_402' title='bbox 293 4276 367 4338; x_wconf 87' lang='lat' dir='ltr'>cordi,</span> <span class='ocrx_word' id='word_1_403' title='bbox 379 4274 408 4338; x_wconf 78' lang='grc' dir='ltr'><em>β</em></span> <span class='ocrx_word' id='word_1_404' title='bbox 423 4320 453 4327; x_wconf 88' lang='grc'>..</span> <span class='ocrx_word' id='word_1_405' title='bbox 471 4266 595 4341; x_wconf 71' lang='grc' dir='ltr'><em>εέηιαίἰρεί,</em></span> <span class='ocrx_word' id='word_1_406' title='bbox 608 4293 630 4328; x_wconf 90' lang='lat' dir='ltr'>a.</span> <span class='ocrx_word' id='word_1_407' title='bbox 650 4319 680 4326; x_wconf 85' lang='grc'>-</span> <span class='ocrx_word' id='word_1_408' title='bbox 700 4279 738 4338; x_wconf 86' lang='lat' dir='ltr'>ab,</span> <span class='ocrx_word' id='word_1_409' title='bbox 754 4271 804 4328; x_wconf 73' lang='lat' dir='ltr'>Od.</span> <span class='ocrx_word' id='word_1_410' title='bbox 818 4279 905 4330; x_wconf 88' lang='lat' dir='ltr'>Omin.</span> <span class='ocrx_word' id='word_1_411' title='bbox 919 4275 966 4340; x_wconf 69' lang='lat' dir='ltr'>ast.</span> <span class='ocrx_word' id='word_1_412' title='bbox 984 4321 1015 4329; x_wconf 91' lang='lat'>..</span> <span class='ocrx_word' id='word_1_413' title='bbox 1033 4277 1154 4342; x_wconf 59' lang='lat' dir='ltr'>autemid,</span> <span class='ocrx_word' id='word_1_414' title='bbox 1165 4296 1190 4333; x_wconf 71' lang='grc' dir='ltr'>ι</span> <span class='ocrx_word' id='word_1_415' title='bbox 1204 4320 1237 4333; x_wconf 86' lang='grc'>.-</span> 
     </span>
    </p>
   </div>
   <div class='ocr_carea' id='block_1_5' title="bbox 0 0 1382 4726">
    <p class='ocr_par' dir='ltr' id='par_1_8' title="bbox 0 0 1382 4726">
     <span class='ocr_line' id='line_1_44' title="bbox 0 0 1382 4726; baseline 0 3"><span class='ocrx_word' id='word_1_416' title='bbox 0 0 1382 4726; x_wconf 95' lang='lat' dir='ltr'> </span> 
     </span>
    </p>
   </div>
  </div>
 </body>
</html>
