2754 4726
21 278 87 344 am
373 294 579 344 uarusanrs
599 294 795 344 maronias

65 449 118 512 24.
145 445 186 510 In
212 444 342 511 nomine
369 456 404 511 et
431 446 528 531 cyani
553 446 658 526 colos,
689 446 768 512 item
795 445 987 531 holochrysi.
1021 445 1186 516 Omncsts

22 558 132 612 autem
159 547 194 612 hi
219 545 316 612 flores
341 547 583 613 nonluerein
608 547 1003 637 usnAlexandrimagni
1031 558 1147 629 aetate,

21 647 174 734 quoniam
191 646 343 735 proxumi
364 669 385 712 a
404 658 508 713 morte
529 647 601 714 eina
615 657 767 714 auctores
784 647 901 714 siluere
921 648 963 714 de
983 648 1062 729 illis,
1084 672 1147 735 quo

22 750 233 815 manifestum
254 760 306 815 est
325 760 441 835 postea
459 749 632 835 placuisse
656 749 691 813 A
713 746 849 814 Graecis
869 759 978 814 tamen
998 761 1146 836 repertos

23 851 99 935 quis
119 850 263 928 dubitet,
283 873 349 915 non
369 849 463 916 aliter
482 849 579 916 Italia
597 860 777 935 usurpante
797 849 929 914 uomina
948 850 1100 917 illorum?

67 954 120 1017 25.
141 951 188 1015 At
213 949 384 1030 Hercules,
407 951 520 1038 petilio
544 950 618 1038 ipsa
644 973 762 1016 nomen
785 950 947 1036 inposuit,
968 953 1180 1018 autumnalis

23 1054 172 1137 circaque
198 1051 309 1138 vepris
327 1051 474 1118 nascenti
495 1062 530 1119 ct
554 1062 680 1117 tautam
704 1052 812 1118 colore
837 1052 1062 1132 oonruendato,
1089 1053 1144 1138 qui

23 1164 74 1219 est
100 1175 194 1219 rosae
221 1152 387 1219 silvestris.
417 1152 518 1219 Folia
542 1174 663 1239 parva,
694 1151 810 1238 quina;
842 1152 1026 1238 mirumque
1051 1154 1088 1220 in
1107 1176 1145 1222 eo

22 1253 101 1319 flore
120 1253 241 1320 inflecti
261 1276 416 1320 cacumen
437 1266 472 1321 et
490 1276 557 1320 non
576 1254 641 1320 uisi
661 1265 781 1319 retorto
801 1253 881 1318 tolia
898 1255 1000 1334 nasci,
1014 1255 1145 1341 parvolo

22 1356 133 1440 calyce
160 1377 200 1421 ac
224 1355 425 1435 versicolori,
458 1355 581 1421 luteum
603 1377 715 1421 semen
734 1354 926 1421 includente.
958 1354 1089 1422 Luteus
1114 1370 1146 1424 et

22 1457 120 1525 bellio
133 1455 405 1543 pastillicantibus
420 1455 657 1546 quinquagenis
677 1456 785 1541 quinis
804 1455 949 1523 barbulis
964 1467 1147 1524 coronatur.

22 1557 198 1625 Pratenses
221 1557 256 1623 hi
276 1557 374 1625 dores
400 1580 440 1624 ac
461 1559 532 1624 sine
552 1581 615 1623 usu
634 1557 781 1645 plerique
802 1567 836 1623 et
855 1557 930 1623 ideo
952 1558 1022 1624 siue
1041 1559 1146 1624 nomi·

22 1660 136 1737 nibns3
158 1660 238 1745 quin
259 1658 362 1726 ethis
381 1658 464 1745 ipsis
485 1659 548 1724 alia
568 1659 623 1723 alii
644 1657 799 1725 vocabula
819 1658 988 1744 inponunt.

65 1763 117 1825 26.
141 1758 359 1845 Chrysooomo
385 1761 453 1826 sive
475 1758 625 1845 chrysitis
652 1783 718 1824 non
743 1759 840 1824 habet
860 1758 1013 1824 Latinam
1033 1761 1146 1846 appel·
1159 1771 1196 1818 5⁰

22 1861 187 1940 lationem3
209 1860 309 1947 palmi
330 1860 497 1926 altitudine
519 1872 586 1939 est,
619 1860 820 1927 comantibus
848 1861 973 1946 fulgore
999 1860 1071 1926 auri
1092 1883 1146 1926 oo-

21 1960 162 2048 rymbis,
189 1961 298 2028 radice
318 1961 429 2050 nigra,
457 1985 498 2028 ex
520 1972 648 2028 austero
670 1960 775 2039 dulci,
800 1962 836 2025 in
856 1961 997 2047 petrosis
1017 1962 1146 2048 opacis·

23 2084 87 2149 que
108 2085 254 2131 nascens.

63 2162 131 2243 [X.
153 2166 205 2228 27.
233 2163 282 2228 Et
306 2165 376 2230 lere
405 2165 546 2251 peractis
579 2164 722 2231 colorum
754 2187 882 2250 quoque
915 2164 1146 2245 celeberrimis,
1161 2167 1209 2220 ⁵¹

22 2262 136 2326 transit
151 2262 234 2326 ratio
254 2263 297 2327 ad
318 2286 375 2329 eas
392 2285 527 2330 coronas
546 2287 632 2349 qnae
646 2266 801 2332 varietate
824 2267 892 2332 sola
906 2266 1046 2352 placent.
1067 2264 1148 2330 Duo

22 2384 133 2429 earum
153 2384 290 2451 genera,
312 2365 442 2450 quaudo
463 2366 544 2432 aliae
564 2366 644 2432 flore
666 2377 827 2446 constant,
850 2366 933 2432 aliae
954 2366 1043 2432 folio.
1067 2365 1147 2432 Flo·

21 2487 90 2532 rem
111 2488 183 2532 esse
203 2466 340 2532 dixerim
361 2467 516 2554 genistas,
539 2524 580 2532 -
602 2490 741 2552 namque
768 2478 802 2532 et
826 2468 869 2533 iis
891 2468 1074 2554 decerpitur
1094 2466 1146 2532 ln-

24 2577 104 2645 teus,
121 2622 162 2632 -
176 2567 254 2632 item
271 2567 529 2646 rhododendron,
550 2569 627 2634 item
645 2567 774 2654 zizipha
789 2590 872 2652 quae
887 2579 919 2634 et
936 2566 1148 2653 Cappadocia

23 2679 197 2747 vocantur3
214 2669 266 2734 his
283 2670 434 2736 odoratus
451 2671 628 2754 similisque
646 2662 787 2735 olearum
804 2669 947 2736 floribus.
981 2669 1021 2734 Iu
1037 2670 1146 2755 vepri-

23 2842 80 2905 loto,
91 2840 143 2908 βγ.
165 2843 203 2896 At
218 2852 308 2894 neuma
323 2845 446 2909 scriptura
461 2859 521 2894 vera
531 2859 587 2895 esse
598 2850 689 2908 potest,
706 2859 772 2903 cum,
790 2844 812 2894 si
824 2859 857 2894 ex
868 2844 972 2907 vulgata
983 2843 1147 2907 participium

22 2913 129 2961 retinere
140 2912 266 2972 volumus,
282 2913 416 2976 legendum
429 2913 462 2963 sit
473 2911 596 2976 appellati,
614 2912 798 2962 substantivum
811 2927 871 2961 vero
883 2919 943 2976 post
953 2925 1038 2960 rocem
1052 2909 1147 2958 nemim

22 2994 124 3042 prorsus
136 2980 168 3029 sit
178 2980 328 3043 languidum
341 2990 367 3032 et
378 2983 500 3044 ineptum.
523 2980 578 3029 Aut
594 2980 670 3042 igitur
686 2979 769 3043 ipsum
781 2994 876 3028 nomen
887 2988 916 3029 ut
927 2978 1061 3042 glossatori
1074 2978 1146 3026 debi-

22 3056 76 3095 tum
90 3048 224 3096 delendum
236 3056 287 3109 aut,
299 3051 368 3112 quod
379 3049 442 3097 mihi
454 3047 610 3110 probabilius
622 3056 667 3106 est,
679 3048 840 3097 scribendum
851 3045 888 3095 ita
898 3043 1021 3110 appellati,
1033 3043 1148 3107 quonium

22 3114 66 3163 rel.
85 3116 148 3164 Vox
160 3114 195 3163 ita
207 3131 252 3179 per
263 3117 362 3167 litteras
375 3123 384 3164 t
395 3125 421 3165 et
432 3131 449 3163 a
460 3115 508 3164 sibi
521 3115 648 3178 appositas
660 3115 778 3178 absorpta
790 3122 835 3164 est.

56 3185 124 3245 §aa
143 3192 173 3242 et,
185 3184 247 3233 RV.
266 3192 301 3231 est
313 3192 343 3245 et,
355 3187 379 3235 d.
398 3225 429 3232 ..
448 3181 538 3246 quiam,
550 3182 584 3231 V.
603 3223 634 3231 ..
652 3179 723 3240 color,
735 3185 759 3231 d.
779 3223 810 3231 -
828 3177 966 3244 holochrym',
979 3180 1003 3228 d.
1025 3176 1148 3237 tolomei,

21 3250 55 3295 V.
78 3247 200 3308 mochori,
213 3251 244 3297 R.
267 3249 389 3311 dolocrom',
405 3251 500 3314 Rigalt.
513 3266 554 3313 ap.
565 3249 674 3301 Salmas.
688 3264 770 3298 exem.
783 3266 808 3313 p.
822 3253 878 3300 67⁹.
891 3265 914 3298 a.
926 3248 959 3297 D.
982 3245 1098 3295 colorasti
1108 3247 1148 3296 vel

22 3312 167 3377 telychryso,
179 3315 288 3364 Salmas.
306 3357 338 3363 -
358 3316 390 3376 hi,
401 3318 485 3365 omitt.
498 3317 623 3366 Harduini
635 3331 735 3382 operae.
753 3357 785 3365 -
796 3315 884 3380 fluere,
895 3316 927 3364 R.
944 3355 976 3363 ..
994 3313 1105 3373 maximi,
1116 3315 1148 3366 R.

56 3379 128 3438 §tm
154 3379 308 3440 Αᾰὴεναιῑεε,
325 3382 358 3429 V.
382 3422 412 3429 -
439 3379 542 3442 petellio,
558 3383 642 3432 RVd.
669 3385 707 3434 At
723 3385 853 3447 vulgatam
870 3385 1019 3444 scripturam
1037 3384 1149 3433 retinent

21 3447 94 3496 codd.
105 3447 157 3495 ind.
170 3448 197 3495 h.
206 3448 223 3495 l.
238 3487 269 3494 -
283 3446 372 3509 posuit,
382 3441 441 3496 BV.
455 3487 486 3495 ..
504 3446 620 3510 circaque,
632 3450 715 3500 RVd.
733 3452 805 3513 m'rca,
816 3447 845 3512 β.
858 3491 889 3500 ..
902 3457 931 3511 et,
943 3450 995 3498 Rd.
1016 3449 1046 3504 ei,
1058 3449 1092 3499 V.
1105 3489 1137 3498 .-

22 3529 140 3574 cacumen,
151 3514 247 3565 Sabell.
268 3554 298 3561 -
317 3512 401 3574 colore,
414 3515 466 3564 Td.
484 3512 592 3575 colorem,
604 3517 636 3565 R.
657 3517 753 3578 colores,
765 3521 799 3568 V.
820 3560 850 3567 ..
868 3514 1022 3576 commendat,
1035 3519 1067 3566 R.
1086 3533 1149 3564 com·

22 3580 220 3643 mendatua,Vd.
247 3581 430 3644 commendatur,
443 3584 473 3633 Τ.
491 3625 521 3632 -
547 3592 588 3644 est,
601 3585 656 3634 Vd.
681 3594 710 3637 et.
723 3587 753 3634 R.
773 3627 804 3634 -
822 3584 910 3648 insecti,
923 3586 947 3632 d.
968 3624 998 3631 ..
1018 3586 1148 3641 cacumine,

21 3651 53 3700 R.
72 3691 103 3699 ..
123 3667 169 3697 noo
180 3648 229 3697 nisi
239 3655 333 3708 retorto,
346 3650 376 3699 R.
401 3667 446 3699 mon
459 3650 507 3699 omi
516 3651 610 3714 intorto,
623 3655 695 3703 codd.
709 3655 823 3703 Barbari.
846 3651 915 3702 nodis
926 3651 1019 3710 intorto,
1036 3644 1148 3702 BVTd.

23 3757 54 3765 -
69 3715 179 3780 parvolo,
192 3719 224 3767 R.
247 3715 426 3779 parvulo‚Vd
448 3734 535 3780 pomo,
547 3715 597 3784 βγ.
617 3761 648 3770 ..
667 3719 808 3781 versimlori,
820 3722 852 3770 R.
880 3718 1026 3778 versicolore,
1039 3719 1096 3768 Vd.
1115 3761 1146 3768 ..

22 3781 150 3832 includemti
165 3801 182 3832 u
198 3783 266 3845 lateo,
282 3783 314 3833 R.
341 3783 484 3834 includentis
501 3783 568 3847 lateo,
584 3787 669 3837 VTd.
688 3829 719 3838 ..
747 3786 822 3848 bellis,
838 3789 871 3838 K.
893 3827 924 3836 ..
944 3783 1095 3849 foliob‘aK.
1116 3826 1148 3835 ..

22 3859 155 3912 coronator,
169 3853 192 3900 d.
215 3859 365 3913 coronantur,
377 3854 460 3902 RVT
473 3850 559 3914 (codd.
572 3853 698 3916 Barbari).
718 3895 749 3904 ..
767 3855 897 3904 Prcttemsea
908 3853 936 3902 1ιί
937 3852 1023 3917 floreo,
1036 3854 1061 3902 d.
1079 3853 1147 3903 Pru·

22 3925 97 3967 tenses
110 3917 222 3983 iifleree,
239 3921 311 3968 codd.
324 3921 438 3970 Barbari.
459 3923 580 3983 pratensis
592 3921 630 3970 hic
637 3921 697 3986 stes,
710 3923 771 3971 RV.
791 3964 822 3971 -
846 3938 883 3983 ao,
896 3923 928 3971 R.
952 3928 983 3980 et,
995 3922 1029 3972 V.
1049 3921 1108 3971 Om.
1122 3921 1147 3969 d.

21 4024 53 4034 ..
73 3985 263 4050 quimethisAE.
282 3987 545 4049 minacissimis.
564 3988 805 4052 quinetmettrstrd.
825 4031 856 4040 ..
874 3988 926 4051 olii,
938 3989 1000 4037 RV.
1018 3986 1083 4047 alia,
1095 3991 1121 4038 d.

55 4050 128 4112 lto.
157 4051 300 4118 Chrysoroas
315 4054 365 4102 sive
380 4054 495 4119 chrysma,
507 4057 540 4107 V.
567 4057 600 4106 V.
617 4059 733 4108 Dioscor.
750 4065 774 4119 4,
792 4064 832 4108 55.
855 4099 886 4107 ..
913 4053 1040 4105 altitudine
1056 4063 1099 4117 act,
1111 4055 1146 4106 V.

21 4116 179 4184 duodenem,
191 4124 222 4172 R.
240 4120 373 4183 altitudine,
386 4124 438 4173 Td.
457 4165 488 4174 -
507 4123 596 4185 carena,
608 4125 640 4174 Κ.

56 4189 124 4251 551.
145 4188 237 4250 transit,
249 4190 332 4240 VTd.
351 4190 418 4252 rasit,
431 4193 463 4241 R.
483 4199 595 4254 tremeat,
606 4188 656 4255 βγ.
681 4191 787 4253 monstri,
800 4193 865 4242 Pint.
886 4233 916 4241 ..
936 4189 1050 4251 vanitate,
1061 4190 1093 4240 R.
1113 4231 1145 4240 -

21 4252 101 4319 Daue,
115 4260 144 4309 ll.
165 4299 193 4307 -
213 4256 290 4320 florea
306 4258 492 4319 comtantealt'o,
505 4259 538 4309 V.
558 4300 587 4308 ..
616 4274 672 4320 ease,
685 4260 747 4310 RV.
774 4260 833 4309 enim
846 4275 903 4322 esse,
916 4260 969 4309 '1¹d.
991 4300 1019 4306 -
1044 4257 1145 4321 penitas,
