2754 4726
310 293 379 339 nm.
396 293 498 340 xvru.
530 293 608 341 cnr.
623 295 807 342 x1x„xx1.
837 295 935 343 seor.
952 297 984 340 ss.
999 297 1029 340 so.
1167 279 1226 344 183

104 445 140 513 id
170 447 300 510 demum
327 453 413 509 reete
442 443 610 510 subactum
637 445 714 522 erit,
753 443 809 511 ubi
843 468 906 512 non
932 445 1127 534 intellegitur
1153 457 1227 513 utro

105 567 216 612 vomer
236 544 320 610 ierit.
343 542 383 608 In
405 567 468 609 usu
489 554 539 610 est
560 554 591 609 et
612 544 754 611 collicias
774 545 993 632 interponere,
1022 546 1050 611 si
1070 546 1116 611 ita
1136 548 1227 615 loeus

105 655 234 732 poscat,
256 645 408 731 ampliore
432 645 537 723 sulco,
558 668 640 730 quae
661 646 695 710 in
715 645 819 712 fossas
841 668 958 730 aquam
979 646 1128 713 educant.

146 745 231 811 XX.
264 747 419 812 Aratione
445 768 505 831 per
536 756 752 813 transversum
778 747 894 813 iterata
923 748 1044 814 occatio
1073 748 1226 832 sequitur,
1242 765 1290 811 rso

105 848 161 914 ubi
181 870 235 913 res
256 847 375 934 poscit,
399 857 486 913 orate
506 848 557 912 vel
575 860 689 927 rastro,
711 859 743 913 et
765 859 833 914 sato
856 848 977 913 semine
990 848 1126 928 iteratio,
1147 850 1227 917 haee

105 969 248 1032 quoque,
278 948 335 1013 ubi
361 949 561 1015 consuetudo
588 950 725 1034 patitur,
761 960 848 1016 orate
880 949 1011 1014 dentata
1038 949 1090 1016 vel
1119 948 1228 1016 tabula

105 1061 211 1116 aratro
232 1050 376 1129 adnexa,
405 1051 492 1134 quod
513 1063 630 1116 vocant
651 1050 763 1130 lirare,
790 1051 956 1137 operiente
979 1050 1118 1130 semina,
1141 1051 1228 1119 unde

105 1151 242 1237 primum
264 1152 426 1238 appellata
447 1150 592 1218 deliratio
614 1163 672 1218 est.
707 1150 833 1233 Quarto
861 1153 925 1218 seri
951 1152 1040 1218 sulco
1062 1151 1228 1239 Vergilius
1243 1169 1286 1214 rer

105 1252 316 1317 existumatur
329 1253 484 1330 voluisse,
506 1276 581 1319 eum
597 1252 680 1318 dixit
701 1263 867 1339 optumam
887 1275 957 1319 esse
980 1263 1123 1341 segetem
1146 1274 1227 1336 quae

105 1352 154 1418 bis
169 1353 278 1432 solem,
302 1352 351 1418 bis
365 1354 488 1442 frigora
504 1355 668 1420 sensisset.
692 1352 839 1441 Spissius
853 1355 968 1433 solum,
991 1354 1075 1419 sieut
1088 1354 1237 1440 plerum,

106 1475 167 1537 que
187 1454 222 1518 in
242 1453 352 1533 Italia,
380 1455 494 1539 quinto
523 1456 612 1521 sulco
641 1454 705 1521 seri
726 1455 841 1520 melius
863 1465 927 1535 est,
956 1455 990 1519 in
1011 1453 1129 1520 Tuscis
1150 1475 1227 1520 vero

105 1576 203 1633 nono;
232 1566 266 1621 at
295 1555 403 1621 fabam
425 1567 458 1621 et
479 1556 597 1622 viciam
618 1578 684 1623 non
705 1556 869 1642 proscisso
890 1579 997 1623 serere
1019 1554 1089 1623 siue
1110 1553 1227 1618 damno

106 1656 320 1741 oonpendium
352 1681 466 1743 operae
500 1669 559 1723 est.
596 1657 670 1723 Non
703 1658 886 1723 omittemus
920 1678 1018 1722 unam
1053 1655 1226 1720 etiamnum
1242 1674 1289 1718 rsa

105 1757 218 1823 arandi
243 1759 397 1823 rationem
423 1758 458 1822 in
488 1758 704 1843 transpadana
732 1757 827 1823 Italia
852 1758 1009 1825 bellorum
1030 1755 1148 1823 iniuria
1168 1778 1226 1822 ex·

106 1859 286 1944 cogitatam.
327 1857 449 1924 Salassi
482 1881 556 1923 cum
591 1859 751 1924 subiectos
782 1859 924 1945 Alpibus
956 1859 1227 1945 depopularentur

106 1982 210 2048 agros,
231 1960 381 2048 panicum
400 1960 586 2044 miliumque
605 1959 671 2024 iam
690 1981 880 2025 exoresoens
899 1970 1107 2046 temptavere.
1128 1958 1226 2023 Post·

106 2059 200 2146 quam
221 2063 394 2148 respuebat
413 2072 544 2141 natura,
566 2061 734 2126 inararunt
740 2086 751 2139 3
779 2071 813 2125 at
833 2059 907 2127 illae
928 2082 1050 2125 messes
1071 2058 1225 2145 multipli-

107 2174 193 2229 eatae
215 2163 352 2229 docuere
374 2163 461 2248 quod
481 2184 567 2228 nune
588 2174 705 2228 vocant
726 2173 846 2229 artrare
873 2162 909 2227 id
937 2172 987 2228 est
1008 2172 1167 2238 aratrare,
1189 2169 1226 2225 ut

107 2264 198 2330 oredo
226 2274 304 2330 tuno
330 2263 461 2330 dietum.
495 2264 569 2330 Hoo
596 2265 634 2330 fit
660 2265 712 2330 vel
737 2264 911 2350 incipiente
938 2265 1044 2330 culmo
1072 2264 1124 2330 vel
1150 2285 1224 2328 oum
1240 2277 1287 2323 rsa

106 2363 166 2430 iam
186 2364 216 2430 is
237 2365 280 2429 ad
301 2365 377 2430 bina
398 2378 529 2432 ternave
552 2366 692 2433 emiserit
713 2366 798 2432 folia
830 2365 899 2432 Neo
919 2389 1033 2432 reeens
1055 2365 1223 2431 subtrahe·

108 2486 174 2532 mus
200 2468 384 2551 exemplum
411 2467 445 2531 in
465 2466 639 2533 hererico
665 2489 744 2553 agro
773 2468 867 2532 tertio
892 2477 965 2532 ante
991 2467 1077 2531 huno
1105 2487 1224 2530 annum

108 2574 306 2654 conpertum
327 2589 403 2632 nam
424 2590 498 2632 oum
517 2567 621 2632 hieme
635 2567 821 2653 praegelida
836 2579 949 2652 captae
965 2578 1090 2654 segetes
1105 2576 1223 2642 essent,

87 2679 292 2735 reseverunt
320 2668 416 2733 etiam
441 2690 571 2754 campos
596 2690 706 2734 mense
727 2667 848 2733 Martio
875 2666 1117 2750 uberrimasque
1138 2689 1223 2731 mes·

110 2770 148 2834 sis
177 2768 371 2834 habuerunt.
409 2767 506 2834 Nune
537 2768 665 2853 reliqua
692 2769 819 2834 cultura
847 2767 992 2833 tradetur
1019 2790 1078 2852 per
1104 2787 1224 2852 genera

145 2971 250 3036 XXI.
278 2972 329 3037 50.
365 2968 551 3057 Siliginem,
574 2970 640 3049 far,
664 2970 821 3050 tritioum,
845 2993 971 3046 semen,
993 2968 1149 3034 hordeum
1169 2989 1223 3033 oo-
1239 2982 1286 3028 ise

111 3083 190 3151 rato,
221 3072 333 3148 sarito,
362 3081 497 3136 runcato
527 3071 645 3155 quibus
671 3070 792 3135 dietum
819 3070 880 3134 erit
907 3068 1031 3134 diebus.
1069 3067 1224 3154 Singulae

139 3263 223 3324 §180-
247 3267 471 3324 peroraverant,
483 3276 507 3310 a.
527 3300 557 3309 ..
575 3257 668 3319 seritur,
679 3274 702 3308 a.
716 3298 747 3308 ..
765 3258 866 3308 iterator
877 3257 935 3308 lose
946 3258 1044 3322 quoque,
1056 3258 1104 3321 obi,
1117 3258 1223 3310 Schnei-

111 3328 156 3378 der.
168 3330 201 3378 ed
212 3329 287 3378 Varr.
300 3331 331 3378 ds
341 3344 369 3378 rs
378 3336 439 3378 rust.
453 3334 476 3388 l,
489 3333 530 3377 29.
543 3341 568 3390 p.
580 3331 638 3375 325.
656 3341 713 3375 osea
729 3342 826 3390 qaoque,
838 3328 905 3378 Pint.
924 3369 955 3378 ..
974 3325 1088 3391 deutata3
1099 3341 1147 3391 pro
1160 3328 1187 3376 h.
1200 3343 1223 3377 v.

110 3393 319 3446 habentaontrnur
331 3390 422 3446 OTad
435 3393 537 3456 (Ambr.
549 3393 571 3443 Ι.
583 3391 631 3456 Π.)
643 3408 668 3458 r.
694 3401 810 3456 costato,
822 3396 889 3460 Pint.
907 3437 938 3446 ..
957 3393 1022 3458 qaod
1036 3403 1121 3444 vocant
1137 3393 1224 3458 lirare;

109 3462 167 3513 haec
181 3479 222 3512 vv.
234 3471 294 3528 post
305 3464 395 3512 sanine
406 3463 518 3513 collocat
527 3463 617 3513 Daleo.
636 3502 669 3512 ..
691 3461 815 3526 operiente,
827 3464 916 3514 Delec.
940 3462 1076 3528 operientes,
1089 3458 1147 3524 Τβ.
1169 3479 1224 3526 ope·

109 3527 197 3592 uento,
214 3533 261 3581 ad.
287 3532 362 3581 Hanc
379 3539 405 3581 et
420 3538 567 3594 sequentem
579 3545 667 3580 vocem
681 3531 749 3580 delet
762 3531 830 3580 Pint.
847 3572 877 3580 ..
895 3530 968 3594 aode3
985 3547 1032 3596 pro
1049 3532 1075 3581 h.
1090 3547 1113 3581 v.
1126 3531 1224 3580 habent

109 3599 286 3662 operioatarqae
298 3599 350 3659 Ta,
368 3597 506 3662 operiamur
517 3613 578 3661 qaae
590 3599 615 3648 d.

24 3705 28 3715 =
138 3683 222 3744 5181.
256 3679 375 3746 Verpilias
386 3697 472 3746 georg.
487 3688 509 3743 l,
521 3685 562 3733 47.
581 3724 611 3733 ..
634 3680 768 3742 soleaTd.
787 3722 818 3732 ..
829 3681 939 3748 frigora,
951 3685 976 3733 d.
985 3683 1081 3746 fiparu,
1093 3698 1116 3731 a.
1137 3722 1168 3730 ..
1190 3689 1224 3741 at,

109 3749 131 3797 d.
148 3747 189 3810 ud,
202 3765 225 3799 a.

140 3831 224 3893 §¹82-
252 3832 414 3893 etiesnaum,a.
439 3873 470 3885 ..
498 3831 680 3898 trapudooo,a
706 3874 737 3884 ..
764 3831 959 3894 Salassiflard.
983 3831 1144 3893 Salsasiad.
1167 3830 1225 3883 Sal-

108 3894 218 4016 wlff
237 3941 268 3949 ..
292 3897 470 3964 multiplicatae,
483 3895 569 3953 Oadr.
592 3898 737 3965 duplicatae,
748 3895 778 3962 β.
802 3941 833 3951 ..
856 3897 924 3950 docet
934 3898 998 3964 quod
1006 3917 1067 3970 noae
1079 3907 1163 3950 vocant
1174 3898 1224 3948 ori-

158 4004 164 4029 ,
190 4005 196 4017 .

139 4049 224 4110 5188.
251 4050 462 4115 vetrumiam,K.
488 4047 715 4116 samiam,edssr.
738 4093 769 4102 ..
797 4052 912 4114 seusu
936 4093 967 4102 -
994 4050 1036 4114 od,
1053 4051 1108 4102 Td.
1135 4059 1185 4111 aut,
1202 4067 1225 4101 a.

108 4116 194 4168 omia
205 4115 255 4184 βγ.
275 4160 306 4169 ..
325 4134 413 4182 recem,
424 4122 448 4170 d.
465 4119 554 4180 raedis,
565 4136 589 4170 a.
608 4160 640 4170 ..
655 4117 819 4184 praepolidne,
830 4121 875 4170 ad.
893 4161 925 4170 ..
948 4119 1028 4180 suom,
1040 4120 1134 4170 Tuas
1144 4118 1225 4179 acuat,

110 4176 160 4236 Oa.
178 4185 342 4249 recurrimus,
353 4182 404 4251 βγ.
421 4187 517 4252 Recepi
528 4189 664 4239 lectionem
675 4189 864 4253 interpolatam,
875 4196 959 4252 spreta
970 4187 1064 4252 pariter
1074 4187 1226 4251 interpolata
1265 4219 1270 4234 ,

105 4253 213 4317 vulgari,
224 4255 284 4319 qaia
293 4256 353 4320 quid
362 4254 525 4320 descriptura
533 4256 669 4307 meliorum
677 4256 800 4307 librorum
808 4253 956 4307 faciundum
965 4255 1005 4316 sit,
1014 4255 1129 4306 nondum
1137 4254 1225 4318 reperi.
