2754 4726
123 304 165 367 82
476 313 680 362 NATURALIS
701 311 898 361 msroamn

122 467 292 534 conburito
319 477 353 532 et
379 465 499 532 ibidem
525 465 692 543 inarato”;
721 463 886 548 idemque:
922 462 1001 541 „ubi
1027 472 1155 529 samrus
1182 464 1250 530 eris

121 569 329 646 frumentum,
352 567 423 633 ovis
443 566 490 632 ibi
511 566 703 632 delectato.”

164 672 194 733 7.
227 666 382 734 Necnon
404 675 436 732 et
460 666 539 731 satis
565 665 758 750 quibusdam
784 666 865 752 ipsis
893 664 984 752 pasci
1010 674 1130 729 terram
1157 664 1291 731 dicitas

122 766 274 855 Segetem
289 778 465 834 stercorant
484 768 608 854 fruges,
630 767 787 852 lupinum,
809 767 894 844 faba,
916 765 1010 845 vicia,
1033 767 1117 831 sicut
1136 788 1248 833 econ-

121 870 220 934 trario
240 870 337 948 cicer,
358 869 436 954 quia
455 868 586 933 vellitur
600 876 633 932 et
647 868 723 950 quia
736 866 856 933 salsum
870 876 928 945 est,
949 866 1116 945 hordeum,
1136 866 1249 935 fenum

122 967 300 1049 Graecum,
334 991 459 1047 ervom3
493 968 572 1033 haec
602 968 708 1034 omnia
736 977 878 1054 segetem
907 976 1048 1033 exurunt
1080 978 1115 1031 et
1140 969 1250 1035 omnis

120 1092 204 1154 quae
225 1072 400 1146 velluntur3
430 1069 580 1134 nucleum
601 1069 635 1132 in
657 1078 798 1156 segetem
818 1090 859 1133 ne
880 1067 1046 1133 indideris.
1080 1067 1249 1155 Vergilius

121 1181 155 1235 et
174 1170 241 1235 lino
262 1180 402 1257 segetem
425 1170 517 1235 exuri
539 1180 571 1234 et
591 1192 694 1235 avena
715 1180 748 1235 et
767 1191 928 1255 papavere
949 1168 1134 1235 arbitratur.

164 1272 195 1335 8.
223 1269 349 1335 Fimeta
375 1268 436 1334 sub
464 1270 518 1334 dio
545 1292 685 1337 concavo
711 1269 781 1336 looo
809 1270 920 1353 etqui
941 1291 1086 1336 umorem
1106 1270 1247 1358 colliget,
1260 1282 1289 1332 st

122 1380 296 1437 stramento
316 1371 445 1449 intecta',
464 1394 506 1436 ne
520 1371 555 1436 in
577 1370 644 1436 sole
665 1381 822 1448 arescant,
845 1371 919 1456 pulo
942 1392 959 1435 e
980 1368 1095 1435 robore
1109 1370 1248 1457 depacto

120 1470 191 1536 lieri
216 1470 345 1547 iubent3
378 1472 425 1536 ita
450 1471 517 1537 fore
543 1493 585 1537 ne
606 1471 814 1537 innascantur
833 1471 884 1536 his
906 1480 1081 1557 serpentes.
1116 1469 1248 1537 Fimum

119 1572 237 1637 inicere
258 1581 363 1637 terrae
384 1571 566 1658 plurumum
585 1571 686 1636 refert
698 1571 827 1638 favonio
842 1571 939 1636 flante
959 1593 998 1637 ac
1018 1571 1096 1635 luna
1110 1569 1247 1637 sitiente.¹

121 1671 161 1737 Id
187 1672 332 1757 plerique
351 1672 551 1760 ,intellegunt
581 1694 682 1758 prave
715 1693 735 1735 a
762 1672 871 1736 favoni
899 1682 974 1737 ortu
1000 1669 1184 1735 faciendum
1208 1692 1248 1737 ac

121 1771 301 1839 Februario
321 1795 432 1839 mense
453 1782 593 1850 tantum,
623 1794 697 1837 cum
717 1771 752 1836 id
773 1772 927 1857 pleraque
949 1782 1018 1837 sata
1039 1771 1112 1836 aliis
1132 1782 1247 1857 postu·

121 1874 188 1939 lent
209 1874 383 1941 mensibus.
406 1871 619 1957 Quocumque
640 1884 784 1958 tempore
806 1873 914 1938 facere
934 1872 1045 1951 libeat,
1067 1872 1249 1938 curandum

122 1985 159 2039 ut
183 1975 226 2041 ab
251 1998 367 2041 occasu
392 1974 616 2058 aequinoctiali
641 1973 739 2040 flante
766 1983 862 2040 vento
887 1973 947 2044 fiat
972 1973 1112 2056 lunaque
1133 1973 1248 2039 decro-

123 2086 233 2141 scente
254 2098 292 2141 ao
314 2076 407 2141 sicca.
429 2075 553 2140 Mirum
573 2074 607 2137 in
627 2075 758 2140 modum
780 2085 918 2162 augetur
938 2074 1070 2141 ubertas
1091 2075 1246 2141 effectus·

123 2198 185 2260 que
208 2176 276 2240 eius
297 2175 521 2242 observatione
542 2174 607 2240 tali.

165 2274 213 2341 X.
237 2278 266 2340 9.
295 2274 438 2340 Abunde
459 2274 625 2359 praedicta
645 2277 768 2342 ratione
791 2277 870 2344 caeli
891 2300 930 2344 ac
951 2289 1069 2357 terrae,
1098 2299 1186 2361 nuno
1206 2276 1248 2345 de
1261 2292 1291 2338 11

123 2377 174 2443 his
186 2377 355 2443 arboribus
376 2376 512 2444 dicimus
533 2398 616 2461 quae
638 2398 716 2443 cura
736 2379 901 2445 hominum
922 2390 1020 2464 atque
1039 2390 1108 2445 arte
1128 2401 1248 2465 prove·

124 2478 227 2543 niunt.
248 2476 318 2542 Neo
328 2478 479 2562 pauciora
490 2499 591 2563 prope
603 2488 679 2543 sunt
689 2501 824 2565 genera3
833 2534 873 2543 ..
883 2490 948 2545 tam
958 2480 1101 2569 benigne
1113 2492 1249 2549 naturae

124 2578 261 2667 gratiam
274 2578 460 2657 retulimus3
472 2632 515 2643 ..
527 2589 583 2643 aut
597 2579 683 2645 onim
697 2580 819 2646 semine
832 2581 1035 2665 proveniunt,
1056 2591 1113 2647 aut
1126 2581 1249 2667 plantis

123 2677 252 2758 radicis,
274 2689 332 2743 aut
351 2679 541 2767 propagine,
562 2689 619 2744 aut
639 2681 814 2758 avolsione,
837 2692 894 2745 aut
908 2682 1046 2762 surculo,
1068 2694 1125 2748 aut
1138 2682 1247 2764 insito,

123 2787 180 2843 aut
200 2789 348 2845 consecto
368 2780 492 2846 arboris
514 2791 637 2847 trunco.
669 2780 753 2847 Nam
775 2782 848 2846 folia
869 2784 1047 2868 palmarum
1069 2784 1157 2869 apud
1178 2783 1248 2851 Ba-

123 2878 271 2964 bylonios
293 2881 356 2947 seri
377 2891 471 2966 atque
492 2883 538 2946 ita
557 2880 704 2948 arborem
723 2882 893 2968 provenire
907 2882 1052 2970 Trogum
1071 2885 1248 2953 credidisse

123 2978 277 3059 demiror3
298 2983 458 3067 quaedam
479 2993 585 3050 autem
607 2983 755 3068 pluribus
774 2983 947 3072 generibus
963 2996 1123 3065 seruntur,
1144 3008 1246 3071 quae·

123 3080 200 3147 dam
220 3082 379 3151 omnibus.

156 3249 279 3313 masa,
293 3254 379 3304 moa.
395 3270 429 3305 a
445 3256 502 3307 cac
521 3298 552 3308 -
566 3230 664 3321 'auca
681 3259 755 3310 osa.
777 3257 887 3321 suaa,
903 3253 996 3323 osas.
1015 3300 1046 3308 -
1067 3258 1183 3325 aaa„
1198 3263 1245 3313 ac.

123 3316 230 3381 tanqua,
240 3314 293 3384 βγ.
310 3320 345 3371 V.
358 3319 414 3371 cac
427 3324 460 3372 de
470 3338 497 3372 re
508 3332 570 3375 rust
582 3332 623 3376 30.

158 3404 228 3469 51111.
254 3404 449 3467 maram.
474 3407 645 3468 mastratis,
665 3402 714 3459 Oa.
739 3449 770 3459 -
796 3407 856 3458 dicit
866 3414 1008 3462 dercrust
1022 3417 1063 3461 36.
1087 3452 1118 3460 -
1145 3410 1245 3461 mlior-

123 3466 244 3533 ΜΚ.
261 3510 294 3521 -
317 3469 483 3534 sociemur.
505 3469 689 3540 naclacadsty.
709 3515 740 3525 ..
771 3476 889 3541 Veryilius
900 3493 988 3542 georg.
1001 3484 1025 3540 2,
1038 3480 1078 3527 77.
1098 3519 1129 3528 ..
1152 3477 1244 3542 listas

123 3536 213 3589 omisa
224 3538 303 3589 Hand
316 3546 342 3588 et
351 3552 371 3605 r
380 3540 443 3589 vitio
456 3554 598 3605 operarum.

156 3620 227 3683 W.
252 3620 302 3685 dis,
314 3624 360 3674 ad.
378 3664 410 3673 ..
431 3631 570 3685 comeatu,
581 3640 605 3674 a.
623 3665 655 3674 ..
679 3623 764 3687 iubeat,
776 3628 800 3676 d.
824 3626 910 3690 iuvent,
923 3645 947 3679 a.
970 3628 1039 3691 iubet,
1050 3624 1081 3691 β.
1099 3670 1132 3681 -
1150 3630 1245 3693 mium,

121 3688 169 3765 fd.
192 3688 233 3703 ”⁰
304 3682 363 3741 θΤ.
380 3686 548 3757 macerassr.
569 3727 596 3736 -
622 3690 840 3754 3111113111.-
860 3695 1149 3760 aauqmtpravesd,
1166 3714 1245 3763 prore

121 3754 263 3823 compost,
298 3771 325 3821 r.
343 3798 376 3809 ..
387 3758 474 3823 socero
485 3756 565 3822 Ιῶωὶ,
576 3762 620 3810 ad.
630 3759 693 3823 fiat,
704 3764 755 3812 r¹².

155 3842 226 3905 §ta
253 3840 362 3905 Abunde,
374 3845 399 3894 d.
417 3852 441 3893 st
450 3843 551 3907 abrade,
563 3846 617 3907 Ta,
628 3846 665 3897 its
676 3854 705 3897 ut
716 3864 733 3898 a
742 3862 766 3896 v.
779 3846 852 3898 Nunc
866 3864 933 3899 nova
950 3849 1068 3913 periodus
1079 3848 1193 3912 incipiat.
1211 3888 1243 3899 ..

119 3898 230 3972 ddum,
245 3902 297 3960 Ga.
314 3908 424 3972 demus,
436 3907 488 3974 ᾱβ.
506 3952 533 3964 ..
553 3912 645 3978 planus
656 3913 781 3976 radicata,
792 3917 839 3966 11¹.
853 3915 968 3979 photius
978 3914 1068 3977 radice,
1079 3917 1126 3966 Kl.
1140 3956 1172 3965 ..
1189 3932 1243 3967 aar,

118 3970 188 4038 θὼς
203 3984 264 4041 post
278 3978 305 4029 h.
317 3994 341 4029 v.
353 3980 441 4030 inserit
451 3988 494 4029 aut
504 3997 572 4030 ramo
582 3984 728 4033 Pontedera
742 3983 869 4046 antiquitt.
880 3999 905 4047 p.
921 3990 976 4034 151.
989 3991 1093 4049 proptor
1104 3982 1119 4045 ς
1134 3988 1191 4035 123.
1210 4024 1242 4033 -

116 4047 287 4120 qomodo,
298 4061 323 4096 a.
339 4045 366 4095 s‘a
376 4055 487 4111 macto,
499 4050 574 4115 Τᾱγ.
593 4057 616 4099 st
626 4057 738 4111 musceto,
746 4044 776 4111 β.
790 4090 821 4100 -
839 4049 975 4113 credidisse,
984 4054 1043 4102 a²d.
1061 4049 1182 4101 decom
1192 4064 1242 4101 cra·

229 4114 265 4163 ⁸¹.
283 4154 315 4165 ..
333 4121 456 4177 cama.
473 4132 533 4177 eura,
545 4119 569 4167 d.

155 4190 226 4253 ⁵⁶⁹·
251 4198 449 4263 mtwaipsma.
475 4195 721 4266 ipaumtqussy.
741 4241 773 4250 ..
796 4200 929 4265 avocent,
944 4196 1045 4254 Orac.
1071 4203 1201 4265 simet,
1212 4199 1242 4266 β.

115 4288 153 4307 -ι
172 4256 260 4315 Sedet
269 4264 397 4331 quaedam,
407 4269 442 4320 K.
461 4308 492 4319 ..
510 4266 642 4333 iuylaudes,
655 4284 679 4319 a.
697 4267 841 4333 atplaadea,
856 4262 907 4322 Od.
926 4312 957 4322 -
981 4270 1254 4334 marmurae:
