<?xml version="1.0" encoding="UTF-8"?>
<!DOCTYPE html PUBLIC "-//W3C//DTD XHTML 1.0 Transitional//EN"
    "http://www.w3.org/TR/xhtml1/DTD/xhtml1-transitional.dtd">
<html xmlns="http://www.w3.org/1999/xhtml" xml:lang="en" lang="en">
 <head>
  <title>
</title>
<meta http-equiv="Content-Type" content="text/html;charset=utf-8" />
  <meta name='ocr-system' content='tesseract 3.04.00' />
  <meta name='ocr-capabilities' content='ocr_page ocr_carea ocr_par ocr_line ocrx_word'/>
</head>
<body>
  <div class='ocr_page' id='page_1' title='image "./cplinisecundina02grongoog_0279.png"; bbox 0 0 2754 4726; ppageno 0'>
   <div class='ocr_carea' id='block_1_1' title="bbox 167 281 940 348">
    <p class='ocr_par' dir='ltr' id='par_1_1' title="bbox 167 281 940 348">
     <span class='ocr_line' id='line_1_1' title="bbox 167 281 940 348; baseline -0.01 0"><span class='ocrx_word' id='word_1_1' title='bbox 167 281 230 348; x_wconf 75' lang='lat' dir='ltr'><strong>tes</strong></span> <span class='ocrx_word' id='word_1_2' title='bbox 518 294 723 345; x_wconf 77' lang='lat' dir='ltr'><strong>rsruusurs</strong></span> <span class='ocrx_word' id='word_1_3' title='bbox 745 293 940 342; x_wconf 72' lang='lat' dir='ltr'><strong>merueras</strong></span> 
     </span>
    </p>
   </div>
   <div class='ocr_carea' id='block_1_2' title="bbox 59 443 1361 2342">
    <p class='ocr_par' dir='ltr' id='par_1_2' title="bbox 104 443 1361 936">
     <span class='ocr_line' id='line_1_2' title="bbox 104 443 1290 533; baseline -0.005 -15"><span class='ocrx_word' id='word_1_4' title='bbox 104 478 108 485; x_wconf 49' lang='lat'>*</span> <span class='ocrx_word' id='word_1_5' title='bbox 168 447 289 533; x_wconf 81' lang='lat' dir='ltr'><strong>Utique</strong></span> <span class='ocrx_word' id='word_1_6' title='bbox 303 447 435 513; x_wconf 80' lang='lat' dir='ltr'><strong>meliora</strong></span> <span class='ocrx_word' id='word_1_7' title='bbox 448 455 624 512; x_wconf 86' lang='lat' dir='ltr'><strong>naseuntur</strong></span> <span class='ocrx_word' id='word_1_8' title='bbox 637 443 812 512; x_wconf 89' lang='lat' dir='ltr'><strong>aeervatim</strong></span> <span class='ocrx_word' id='word_1_9' title='bbox 825 454 897 510; x_wconf 88' lang='lat' dir='ltr'><strong>sato</strong></span> <span class='ocrx_word' id='word_1_10' title='bbox 912 443 1032 511; x_wconf 86' lang='lat' dir='ltr'><strong>semine</strong></span> <span class='ocrx_word' id='word_1_11' title='bbox 1047 464 1145 528; x_wconf 92' lang='lat' dir='ltr'><strong>quam</strong></span> <span class='ocrx_word' id='word_1_12' title='bbox 1160 467 1290 532; x_wconf 82' lang='lat' dir='ltr'><strong>sparso3</strong></span> 
     </span>
     <span class='ocr_line' id='line_1_3' title="bbox 165 544 1361 635; baseline -0.002 -21"><span class='ocrx_word' id='word_1_13' title='bbox 165 548 213 614; x_wconf 87' lang='lat' dir='ltr'><strong>ita</strong></span> <span class='ocrx_word' id='word_1_14' title='bbox 238 557 322 614; x_wconf 82' lang='lat' dir='ltr'><strong>uerte</strong></span> <span class='ocrx_word' id='word_1_15' title='bbox 354 569 485 635; x_wconf 90' lang='lat' dir='ltr'><strong>porrum</strong></span> <span class='ocrx_word' id='word_1_16' title='bbox 516 558 550 613; x_wconf 88' lang='lat' dir='ltr'><strong>et</strong></span> <span class='ocrx_word' id='word_1_17' title='bbox 577 547 688 634; x_wconf 91' lang='lat' dir='ltr'><strong>apium</strong></span> <span class='ocrx_word' id='word_1_18' title='bbox 720 555 830 612; x_wconf 91' lang='lat' dir='ltr'><strong>serunt</strong></span> <span class='ocrx_word' id='word_1_19' title='bbox 860 546 895 610; x_wconf 91' lang='lat' dir='ltr'><strong>iu</strong></span> <span class='ocrx_word' id='word_1_20' title='bbox 926 544 1052 611; x_wconf 82' lang='lat' dir='ltr'><strong>laciniis</strong></span> <span class='ocrx_word' id='word_1_21' title='bbox 1080 544 1291 634; x_wconf 75' lang='lat' dir='ltr'><strong>conligatum,</strong></span> <span class='ocrx_word' id='word_1_22' title='bbox 1356 544 1361 557; x_wconf 79' lang='grc'><em>“</em></span> 
     </span>
     <span class='ocr_line' id='line_1_4' title="bbox 166 646 1345 736; baseline -0.005 -22"><span class='ocrx_word' id='word_1_23' title='bbox 166 649 276 736; x_wconf 88' lang='lat' dir='ltr'><strong>apium</strong></span> <span class='ocrx_word' id='word_1_24' title='bbox 298 649 392 715; x_wconf 89' lang='lat' dir='ltr'><strong>etiam</strong></span> <span class='ocrx_word' id='word_1_25' title='bbox 414 648 535 736; x_wconf 85' lang='lat' dir='ltr'>paxillo</span> <span class='ocrx_word' id='word_1_26' title='bbox 556 669 694 715; x_wconf 79' lang='lat' dir='ltr'>caverna</span> <span class='ocrx_word' id='word_1_27' title='bbox 715 647 798 720; x_wconf 73' lang='lat' dir='ltr'><strong>faeta</strong></span> <span class='ocrx_word' id='word_1_28' title='bbox 818 669 857 712; x_wconf 87' lang='lat' dir='ltr'><strong>ae</strong></span> <span class='ocrx_word' id='word_1_29' title='bbox 878 646 953 711; x_wconf 83' lang='lat' dir='ltr'><strong>limo</strong></span> <span class='ocrx_word' id='word_1_30' title='bbox 974 647 1110 732; x_wconf 84' lang='lat' dir='ltr'><strong>ingesto.</strong></span> <span class='ocrx_word' id='word_1_31' title='bbox 1138 646 1290 713; x_wconf 87' lang='lat' dir='ltr'><strong>Nasoun·</strong></span> <span class='ocrx_word' id='word_1_32' title='bbox 1305 665 1345 710; x_wconf 81' lang='grc' dir='ltr'><strong>ιιι</strong></span> 
     </span>
     <span class='ocr_line' id='line_1_5' title="bbox 167 746 1291 832; baseline -0.001 -15"><span class='ocrx_word' id='word_1_33' title='bbox 167 760 220 817; x_wconf 89' lang='lat' dir='ltr'><strong>tur</strong></span> <span class='ocrx_word' id='word_1_34' title='bbox 240 760 349 816; x_wconf 90' lang='lat' dir='ltr'><strong>autem</strong></span> <span class='ocrx_word' id='word_1_35' title='bbox 370 750 477 815; x_wconf 89' lang='lat' dir='ltr'><strong>omnia</strong></span> <span class='ocrx_word' id='word_1_36' title='bbox 498 759 553 815; x_wconf 89' lang='lat' dir='ltr'><strong>aut</strong></span> <span class='ocrx_word' id='word_1_37' title='bbox 575 748 695 814; x_wconf 87' lang='lat' dir='ltr'><strong>semiue</strong></span> <span class='ocrx_word' id='word_1_38' title='bbox 717 759 774 813; x_wconf 87' lang='lat' dir='ltr'><strong>aut</strong></span> <span class='ocrx_word' id='word_1_39' title='bbox 794 746 967 827; x_wconf 76' lang='lat' dir='ltr'><strong>avolsione,</strong></span> <span class='ocrx_word' id='word_1_40' title='bbox 989 748 1147 832; x_wconf 78' lang='lat' dir='ltr'><strong>quaedam</strong></span> <span class='ocrx_word' id='word_1_41' title='bbox 1169 749 1291 816; x_wconf 89' lang='lat' dir='ltr'><strong>semine</strong></span> 
     </span>
     <span class='ocr_line' id='line_1_6' title="bbox 166 848 1290 936; baseline 0 -20"><span class='ocrx_word' id='word_1_42' title='bbox 166 860 200 916; x_wconf 89' lang='lat' dir='ltr'><strong>et</strong></span> <span class='ocrx_word' id='word_1_43' title='bbox 220 851 358 930; x_wconf 90' lang='lat' dir='ltr'><strong>sureulo,</strong></span> <span class='ocrx_word' id='word_1_44' title='bbox 380 861 417 933; x_wconf 84' lang='lat' dir='ltr'><strong>ut</strong></span> <span class='ocrx_word' id='word_1_45' title='bbox 437 860 524 929; x_wconf 86' lang='lat' dir='ltr'><strong>ruta,</strong></span> <span class='ocrx_word' id='word_1_46' title='bbox 546 850 732 936; x_wconf 84' lang='lat' dir='ltr'><strong>origanum,</strong></span> <span class='ocrx_word' id='word_1_47' title='bbox 753 848 910 928; x_wconf 88' lang='lat' dir='ltr'><strong>oeimum,</strong></span> <span class='ocrx_word' id='word_1_48' title='bbox 928 903 968 913; x_wconf 83' lang='lat'><strong>...</strong></span> <span class='ocrx_word' id='word_1_49' title='bbox 991 849 1183 933; x_wconf 79' lang='lat' dir='ltr'><strong>praecidunt</strong></span> <span class='ocrx_word' id='word_1_50' title='bbox 1205 848 1290 916; x_wconf 89' lang='lat' dir='ltr'><strong>enim</strong></span> 
     </span>
    </p>

    <p class='ocr_par' dir='ltr' id='par_1_3' title="bbox 59 949 1291 1339">
     <span class='ocr_line' id='line_1_7' title="bbox 59 949 1291 1037; baseline 0.001 -24"><span class='ocrx_word' id='word_1_51' title='bbox 59 1008 60 1013; x_wconf 73' lang='grc'><strong>,</strong></span> <span class='ocrx_word' id='word_1_52' title='bbox 167 950 280 1018; x_wconf 80' lang='lat' dir='ltr'><strong>ethos</strong></span> <span class='ocrx_word' id='word_1_53' title='bbox 307 973 380 1018; x_wconf 88' lang='lat' dir='ltr'><strong>eum</strong></span> <span class='ocrx_word' id='word_1_54' title='bbox 407 950 616 1037; x_wconf 87' lang='lat' dir='ltr'><strong>pervenitad</strong></span> <span class='ocrx_word' id='word_1_55' title='bbox 638 951 779 1036; x_wconf 80' lang='lat' dir='ltr'><strong>palmum</strong></span> <span class='ocrx_word' id='word_1_56' title='bbox 800 949 989 1027; x_wconf 81' lang='lat' dir='ltr'><strong>altitudinis,</strong></span> <span class='ocrx_word' id='word_1_57' title='bbox 1011 1005 1051 1012; x_wconf 88' lang='grc'>-</span> <span class='ocrx_word' id='word_1_58' title='bbox 1078 950 1291 1034; x_wconf 87' lang='lat' dir='ltr'><strong>quaedamst</strong></span> 
     </span>
     <span class='ocr_line' id='line_1_8' title="bbox 166 1049 1290 1136; baseline -0.002 -17"><span class='ocrx_word' id='word_1_59' title='bbox 166 1052 286 1119; x_wconf 87' lang='lat' dir='ltr'><strong>semine</strong></span> <span class='ocrx_word' id='word_1_60' title='bbox 306 1062 339 1118; x_wconf 91' lang='lat' dir='ltr'><strong>et</strong></span> <span class='ocrx_word' id='word_1_61' title='bbox 352 1051 472 1130; x_wconf 82' lang='lat' dir='ltr'><strong>radios,</strong></span> <span class='ocrx_word' id='word_1_62' title='bbox 494 1061 532 1116; x_wconf 93' lang='lat' dir='ltr'><strong>ut</strong></span> <span class='ocrx_word' id='word_1_63' title='bbox 551 1071 642 1136; x_wconf 88' lang='lat' dir='ltr'><strong>eepa,</strong></span> <span class='ocrx_word' id='word_1_64' title='bbox 665 1050 774 1129; x_wconf 91' lang='lat' dir='ltr'><strong>alium,</strong></span> <span class='ocrx_word' id='word_1_65' title='bbox 796 1049 887 1116; x_wconf 92' lang='lat' dir='ltr'><strong>bulbi</strong></span> <span class='ocrx_word' id='word_1_66' title='bbox 908 1061 941 1116; x_wconf 92' lang='lat' dir='ltr'><strong>et</strong></span> <span class='ocrx_word' id='word_1_67' title='bbox 963 1049 990 1116; x_wconf 86' lang='lat' dir='ltr'><strong>si</strong></span> <span class='ocrx_word' id='word_1_68' title='bbox 1012 1070 1148 1134; x_wconf 91' lang='lat' dir='ltr'><strong>quorum</strong></span> <span class='ocrx_word' id='word_1_69' title='bbox 1165 1051 1290 1117; x_wconf 72' lang='lat' dir='ltr'><strong>radices</strong></span> 
     </span>
     <span class='ocr_line' id='line_1_9' title="bbox 165 1149 1289 1247; baseline 0 -30"><span class='ocrx_word' id='word_1_70' title='bbox 165 1152 382 1244; x_wconf 78' lang='lat' dir='ltr'><strong>anniferorum</strong></span> <span class='ocrx_word' id='word_1_71' title='bbox 396 1152 602 1219; x_wconf 90' lang='lat' dir='ltr'><strong>relineuntur.</strong></span> <span class='ocrx_word' id='word_1_72' title='bbox 631 1149 755 1216; x_wconf 81' lang='lat' dir='ltr'><strong>Eorum</strong></span> <span class='ocrx_word' id='word_1_73' title='bbox 775 1173 853 1216; x_wconf 88' lang='lat' dir='ltr'><strong>vero</strong></span> <span class='ocrx_word' id='word_1_74' title='bbox 873 1173 956 1235; x_wconf 88' lang='lat' dir='ltr'><strong>quae</strong></span> <span class='ocrx_word' id='word_1_75' title='bbox 978 1173 998 1215; x_wconf 90' lang='lat' dir='ltr'><strong>a</strong></span> <span class='ocrx_word' id='word_1_76' title='bbox 1018 1150 1127 1247; x_wconf 77' lang='lat' dir='ltr'><strong>radiae</strong></span> <span class='ocrx_word' id='word_1_77' title='bbox 1147 1173 1289 1217; x_wconf 86' lang='lat' dir='ltr'><strong>naseun-</strong></span> 
     </span>
     <span class='ocr_line' id='line_1_10' title="bbox 165 1250 1289 1339; baseline -0.001 -21"><span class='ocrx_word' id='word_1_78' title='bbox 165 1261 219 1318; x_wconf 88' lang='lat' dir='ltr'><strong>tur</strong></span> <span class='ocrx_word' id='word_1_79' title='bbox 238 1252 332 1318; x_wconf 85' lang='lat' dir='ltr'><strong>radix</strong></span> <span class='ocrx_word' id='word_1_80' title='bbox 349 1252 501 1318; x_wconf 83' lang='lat' dir='ltr'><strong>diuturna</strong></span> <span class='ocrx_word' id='word_1_81' title='bbox 520 1262 554 1317; x_wconf 89' lang='lat' dir='ltr'><strong>et</strong></span> <span class='ocrx_word' id='word_1_82' title='bbox 574 1251 729 1318; x_wconf 79' lang='lat' dir='ltr'><strong>fruticosa</strong></span> <span class='ocrx_word' id='word_1_83' title='bbox 750 1261 817 1330; x_wconf 90' lang='lat' dir='ltr'><strong>est,</strong></span> <span class='ocrx_word' id='word_1_84' title='bbox 839 1261 876 1316; x_wconf 92' lang='lat' dir='ltr'><strong>ut</strong></span> <span class='ocrx_word' id='word_1_85' title='bbox 897 1250 998 1330; x_wconf 90' lang='lat' dir='ltr'><strong>bulbi,</strong></span> <span class='ocrx_word' id='word_1_86' title='bbox 1021 1250 1142 1339; x_wconf 84' lang='lat' dir='ltr'><strong>gethyi,</strong></span> <span class='ocrx_word' id='word_1_87' title='bbox 1165 1251 1289 1331; x_wconf 84' lang='lat' dir='ltr'><strong>seillue;</strong></span> 
     </span>
    </p>

    <p class='ocr_par' dir='ltr' id='par_1_4' title="bbox 139 1349 1348 2342">
     <span class='ocr_line' id='line_1_11' title="bbox 143 1349 1348 1439; baseline -0.003 -22"><span class='ocrx_word' id='word_1_88' title='bbox 143 1351 320 1420; x_wconf 76' lang='lat' dir='ltr'><strong>&#39;fruticant</strong></span> <span class='ocrx_word' id='word_1_89' title='bbox 339 1351 402 1418; x_wconf 88' lang='lat' dir='ltr'><strong>alia</strong></span> <span class='ocrx_word' id='word_1_90' title='bbox 422 1362 454 1418; x_wconf 91' lang='lat' dir='ltr'><strong>et</strong></span> <span class='ocrx_word' id='word_1_91' title='bbox 476 1374 541 1418; x_wconf 91' lang='lat' dir='ltr'><strong>non</strong></span> <span class='ocrx_word' id='word_1_92' title='bbox 563 1351 710 1439; x_wconf 77' lang='lat' dir='ltr'><strong>capitata,</strong></span> <span class='ocrx_word' id='word_1_93' title='bbox 733 1363 770 1418; x_wconf 94' lang='lat' dir='ltr'><strong>ut</strong></span> <span class='ocrx_word' id='word_1_94' title='bbox 790 1352 900 1437; x_wconf 90' lang='lat' dir='ltr'><strong>apium</strong></span> <span class='ocrx_word' id='word_1_95' title='bbox 917 1362 949 1418; x_wconf 91' lang='lat' dir='ltr'><strong>et</strong></span> <span class='ocrx_word' id='word_1_96' title='bbox 962 1352 1047 1418; x_wconf 87' lang='lat' dir='ltr'><strong>beta.</strong></span> <span class='ocrx_word' id='word_1_97' title='bbox 1070 1349 1173 1418; x_wconf 83' lang='lat' dir='ltr'><strong>Caule</strong></span> <span class='ocrx_word' id='word_1_98' title='bbox 1186 1352 1289 1418; x_wconf 86' lang='lat' dir='ltr'><strong>reaiso</strong></span> <span class='ocrx_word' id='word_1_99' title='bbox 1304 1369 1348 1414; x_wconf 82' lang='grc' dir='ltr'><strong>ιιι</strong></span> 
     </span>
     <span class='ocr_line' id='line_1_12' title="bbox 167 1453 1289 1540; baseline 0 -22"><span class='ocrx_word' id='word_1_100' title='bbox 167 1453 236 1520; x_wconf 83' lang='lat' dir='ltr'><strong>fere</strong></span> <span class='ocrx_word' id='word_1_101' title='bbox 262 1453 391 1538; x_wconf 92' lang='lat' dir='ltr'><strong>quidem</strong></span> <span class='ocrx_word' id='word_1_102' title='bbox 417 1453 525 1519; x_wconf 86' lang='lat' dir='ltr'><strong>omniu</strong></span> <span class='ocrx_word' id='word_1_103' title='bbox 544 1453 762 1540; x_wconf 85' lang='lat' dir='ltr'><strong>regerminant</strong></span> <span class='ocrx_word' id='word_1_104' title='bbox 783 1453 928 1539; x_wconf 84' lang='lat' dir='ltr'><strong>exceptis</strong></span> <span class='ocrx_word' id='word_1_105' title='bbox 949 1474 1031 1538; x_wconf 89' lang='lat' dir='ltr'><strong>quae</strong></span> <span class='ocrx_word' id='word_1_106' title='bbox 1053 1475 1118 1520; x_wconf 90' lang='lat' dir='ltr'><strong>non</strong></span> <span class='ocrx_word' id='word_1_107' title='bbox 1140 1453 1289 1520; x_wconf 86' lang='lat' dir='ltr'><strong>seabrum</strong></span> 
     </span>
     <span class='ocr_line' id='line_1_13' title="bbox 166 1552 1288 1640; baseline -0.002 -17"><span class='ocrx_word' id='word_1_108' title='bbox 166 1553 292 1623; x_wconf 84' lang='lat' dir='ltr'><strong>oaulem</strong></span> <span class='ocrx_word' id='word_1_109' title='bbox 313 1553 442 1633; x_wconf 85' lang='lat' dir='ltr'><strong>habent,</strong></span> <span class='ocrx_word' id='word_1_110' title='bbox 464 1554 551 1620; x_wconf 91' lang='lat' dir='ltr'><strong>etin</strong></span> <span class='ocrx_word' id='word_1_111' title='bbox 572 1575 668 1619; x_wconf 88' lang='lat' dir='ltr'><strong>usum</strong></span> <span class='ocrx_word' id='word_1_112' title='bbox 689 1574 767 1620; x_wconf 86' lang='lat' dir='ltr'><strong>vero</strong></span> <span class='ocrx_word' id='word_1_113' title='bbox 780 1552 930 1631; x_wconf 84' lang='lat' dir='ltr'><strong>ocimum,</strong></span> <span class='ocrx_word' id='word_1_114' title='bbox 951 1553 1125 1640; x_wconf 88' lang='lat' dir='ltr'><strong>raphanus,</strong></span> <span class='ocrx_word' id='word_1_115' title='bbox 1145 1555 1288 1631; x_wconf 82' lang='lat' dir='ltr'><strong>laetrroa3</strong></span> 
     </span>
     <span class='ocr_line' id='line_1_14' title="bbox 166 1653 1289 1742; baseline 0.001 -22"><span class='ocrx_word' id='word_1_116' title='bbox 166 1653 256 1733; x_wconf 77' lang='lat' dir='ltr'><strong>huno,</strong></span> <span class='ocrx_word' id='word_1_117' title='bbox 277 1654 374 1720; x_wconf 87' lang='lat' dir='ltr'><strong>etiam</strong></span> <span class='ocrx_word' id='word_1_118' title='bbox 400 1655 579 1720; x_wconf 81' lang='lat' dir='ltr'><strong>suaviorem</strong></span> <span class='ocrx_word' id='word_1_119' title='bbox 612 1662 727 1738; x_wconf 91' lang='lat' dir='ltr'><strong>putant</strong></span> <span class='ocrx_word' id='word_1_120' title='bbox 754 1676 775 1719; x_wconf 88' lang='lat' dir='ltr'><strong>a</strong></span> <span class='ocrx_word' id='word_1_121' title='bbox 798 1653 1077 1741; x_wconf 86' lang='lat' dir='ltr'><strong>regerminatione.</strong></span> <span class='ocrx_word' id='word_1_122' title='bbox 1113 1655 1289 1742; x_wconf 82' lang='lat' dir='ltr'><strong>Raphanus</strong></span> 
     </span>
     <span class='ocr_line' id='line_1_15' title="bbox 165 1752 1289 1839; baseline 0.004 -21"><span class='ocrx_word' id='word_1_123' title='bbox 165 1753 278 1839; x_wconf 90' lang='lat' dir='ltr'><strong>ntique</strong></span> <span class='ocrx_word' id='word_1_124' title='bbox 299 1754 468 1820; x_wconf 83' lang='lat' dir='ltr'><strong>iuoundior</strong></span> <span class='ocrx_word' id='word_1_125' title='bbox 488 1752 639 1839; x_wconf 77' lang='lat' dir='ltr'><strong>detractis</strong></span> <span class='ocrx_word' id='word_1_126' title='bbox 666 1752 752 1818; x_wconf 88' lang='lat' dir='ltr'><strong>foliis</strong></span> <span class='ocrx_word' id='word_1_127' title='bbox 778 1765 950 1839; x_wconf 87' lang='lat' dir='ltr'><strong>antequam</strong></span> <span class='ocrx_word' id='word_1_128' title='bbox 976 1754 1196 1834; x_wconf 82' lang='lat' dir='ltr'><strong>deoauleseat3</strong></span> <span class='ocrx_word' id='word_1_129' title='bbox 1229 1754 1289 1822; x_wconf 86' lang='lat' dir='ltr'><strong>hoo</strong></span> 
     </span>
     <span class='ocr_line' id='line_1_16' title="bbox 139 1853 1288 1943; baseline 0.001 -21"><span class='ocrx_word' id='word_1_130' title='bbox 139 1896 147 1907; x_wconf 33' lang='lat' dir='ltr'><strong>a</strong></span> <span class='ocrx_word' id='word_1_131' title='bbox 168 1864 202 1922; x_wconf 90' lang='lat' dir='ltr'><strong>et</strong></span> <span class='ocrx_word' id='word_1_132' title='bbox 220 1854 254 1920; x_wconf 94' lang='lat' dir='ltr'><strong>in</strong></span> <span class='ocrx_word' id='word_1_133' title='bbox 275 1855 365 1941; x_wconf 88' lang='lat' dir='ltr'><strong>rapis</strong></span> <span class='ocrx_word' id='word_1_134' title='bbox 371 1879 381 1933; x_wconf 84' lang='lat'>3</span> <span class='ocrx_word' id='word_1_135' title='bbox 402 1877 478 1921; x_wconf 88' lang='lat' dir='ltr'><strong>nam</strong></span> <span class='ocrx_word' id='word_1_136' title='bbox 499 1865 541 1928; x_wconf 85' lang='lat' dir='ltr'><strong>et¹</strong></span> <span class='ocrx_word' id='word_1_137' title='bbox 553 1853 666 1921; x_wconf 89' lang='lat' dir='ltr'><strong>eadem</strong></span> <span class='ocrx_word' id='word_1_138' title='bbox 688 1854 832 1942; x_wconf 79' lang='lat' dir='ltr'><strong>dereptis</strong></span> <span class='ocrx_word' id='word_1_139' title='bbox 846 1855 931 1922; x_wconf 88' lang='lat' dir='ltr'><strong>foliis</strong></span> <span class='ocrx_word' id='word_1_140' title='bbox 946 1867 1096 1943; x_wconf 83' lang='lat' dir='ltr'><strong>oooperta</strong></span> <span class='ocrx_word' id='word_1_141' title='bbox 1111 1868 1198 1924; x_wconf 82' lang='lat' dir='ltr'><strong>terra</strong></span> <span class='ocrx_word' id='word_1_142' title='bbox 1218 1879 1288 1923; x_wconf 88' lang='lat' dir='ltr'><strong>ore·</strong></span> 
     </span>
     <span class='ocr_line' id='line_1_17' title="bbox 168 1955 705 2041; baseline -0.004 -18"><span class='ocrx_word' id='word_1_143' title='bbox 168 1965 263 2023; x_wconf 89' lang='lat' dir='ltr'><strong>seunt</strong></span> <span class='ocrx_word' id='word_1_144' title='bbox 284 1956 464 2041; x_wconf 88' lang='lat' dir='ltr'><strong>durantque</strong></span> <span class='ocrx_word' id='word_1_145' title='bbox 484 1955 519 2020; x_wconf 91' lang='lat' dir='ltr'><strong>in</strong></span> <span class='ocrx_word' id='word_1_146' title='bbox 540 1965 705 2022; x_wconf 87' lang='lat' dir='ltr'><strong>aestatem.</strong></span> 
     </span>
     <span class='ocr_line' id='line_1_18' title="bbox 187 2053 1344 2146; baseline -0.003 -25"><span class='ocrx_word' id='word_1_147' title='bbox 187 2057 263 2126; x_wconf 76' lang='lat' dir='ltr'><strong>tt.</strong></span> <span class='ocrx_word' id='word_1_148' title='bbox 290 2053 428 2146; x_wconf 85' lang='lat' dir='ltr'><strong>Singula</strong></span> <span class='ocrx_word' id='word_1_149' title='bbox 448 2078 571 2144; x_wconf 88' lang='lat' dir='ltr'><strong>genera</strong></span> <span class='ocrx_word' id='word_1_150' title='bbox 593 2068 669 2122; x_wconf 90' lang='lat' dir='ltr'><strong>sunt</strong></span> <span class='ocrx_word' id='word_1_151' title='bbox 689 2057 810 2135; x_wconf 87' lang='lat' dir='ltr'><strong>oeimo,</strong></span> <span class='ocrx_word' id='word_1_152' title='bbox 837 2056 982 2144; x_wconf 89' lang='lat' dir='ltr'><strong>lapatho,</strong></span> <span class='ocrx_word' id='word_1_153' title='bbox 1004 2057 1101 2137; x_wconf 87' lang='lat' dir='ltr'><strong>blito,</strong></span> <span class='ocrx_word' id='word_1_154' title='bbox 1122 2057 1290 2135; x_wconf 83' lang='lat' dir='ltr'><strong>nasturtio,</strong></span> <span class='ocrx_word' id='word_1_155' title='bbox 1303 2073 1344 2119; x_wconf 82' lang='lat' dir='ltr'><strong>ua</strong></span> 
     </span>
     <span class='ocr_line' id='line_1_19' title="bbox 166 2157 1303 2249; baseline 0.002 -27"><span class='ocrx_word' id='word_1_156' title='bbox 166 2178 293 2235; x_wconf 79' lang='lat' dir='ltr'><strong>erucae,</strong></span> <span class='ocrx_word' id='word_1_157' title='bbox 315 2158 464 2245; x_wconf 86' lang='lat' dir='ltr'><strong>atriplioi,</strong></span> <span class='ocrx_word' id='word_1_158' title='bbox 486 2157 670 2236; x_wconf 87' lang='lat' dir='ltr'><strong>coriandro,</strong></span> <span class='ocrx_word' id='word_1_159' title='bbox 692 2167 787 2223; x_wconf 91' lang='lat' dir='ltr'><strong>aneto</strong></span> <span class='ocrx_word' id='word_1_160' title='bbox 794 2181 804 2234; x_wconf 91' lang='lat'>;</span> <span class='ocrx_word' id='word_1_161' title='bbox 826 2157 906 2249; x_wconf 84' lang='lat' dir='ltr'><strong>haee</strong></span> <span class='ocrx_word' id='word_1_162' title='bbox 928 2159 1013 2224; x_wconf 89' lang='lat' dir='ltr'><strong>enim</strong></span> <span class='ocrx_word' id='word_1_163' title='bbox 1035 2158 1155 2245; x_wconf 91' lang='lat' dir='ltr'><strong>ubique</strong></span> <span class='ocrx_word' id='word_1_164' title='bbox 1178 2157 1303 2239; x_wconf 55' lang='lat' dir='ltr'><strong>eademx</strong></span> 
     </span>
     <span class='ocr_line' id='line_1_20' title="bbox 167 2257 1289 2342; baseline 0.004 -20"><span class='ocrx_word' id='word_1_165' title='bbox 167 2265 243 2322; x_wconf 89' lang='lat' dir='ltr'><strong>sunt</strong></span> <span class='ocrx_word' id='word_1_166' title='bbox 269 2278 374 2341; x_wconf 88' lang='lat' dir='ltr'><strong>neque</strong></span> <span class='ocrx_word' id='word_1_167' title='bbox 402 2257 491 2323; x_wconf 91' lang='lat' dir='ltr'><strong>aliud</strong></span> <span class='ocrx_word' id='word_1_168' title='bbox 518 2257 581 2323; x_wconf 84' lang='lat' dir='ltr'><strong>elio</strong></span> <span class='ocrx_word' id='word_1_169' title='bbox 601 2257 716 2323; x_wconf 90' lang='lat' dir='ltr'><strong>melius</strong></span> <span class='ocrx_word' id='word_1_170' title='bbox 736 2279 885 2342; x_wconf 83' lang='lat' dir='ltr'><strong>usquam.</strong></span> <span class='ocrx_word' id='word_1_171' title='bbox 906 2259 1026 2327; x_wconf 77' lang='lat' dir='ltr'><strong>Butam</strong></span> <span class='ocrx_word' id='word_1_172' title='bbox 1046 2260 1199 2325; x_wconf 85' lang='lat' dir='ltr'><strong>furtivam</strong></span> <span class='ocrx_word' id='word_1_173' title='bbox 1219 2268 1289 2326; x_wconf 87' lang='lat' dir='ltr'><strong>tan-</strong></span> 
     </span>
    </p>
   </div>
   <div class='ocr_carea' id='block_1_3' title="bbox 168 2357 1287 2461">
    <p class='ocr_par' dir='ltr' id='par_1_5' title="bbox 168 2357 1287 2461">
     <span class='ocr_line' id='line_1_21' title="bbox 168 2357 1287 2461; baseline 0.001 -37"><span class='ocrx_word' id='word_1_174' title='bbox 168 2369 237 2424; x_wconf 89' lang='lat' dir='ltr'><strong>tum</strong></span> <span class='ocrx_word' id='word_1_175' title='bbox 262 2357 432 2445; x_wconf 88' lang='lat' dir='ltr'><strong>provenire</strong></span> <span class='ocrx_word' id='word_1_176' title='bbox 459 2357 598 2425; x_wconf 85' lang='lat' dir='ltr'><strong>fertilius</strong></span> <span class='ocrx_word' id='word_1_177' title='bbox 622 2369 738 2446; x_wconf 83' lang='lat' dir='ltr'><strong>putant</strong></span> <span class='ocrx_word' id='word_1_178' title='bbox 767 2359 851 2427; x_wconf 86' lang='lat' dir='ltr'><strong>sieut</strong></span> <span class='ocrx_word' id='word_1_179' title='bbox 877 2359 947 2447; x_wconf 88' lang='lat' dir='ltr'><strong>apis</strong></span> <span class='ocrx_word' id='word_1_180' title='bbox 979 2361 1117 2461; x_wconf 79' lang='lat' dir='ltr'><strong>furtivas</strong></span> <span class='ocrx_word' id='word_1_181' title='bbox 1138 2361 1287 2448; x_wconf 89' lang='lat' dir='ltr'><strong>pessime.</strong></span> 
     </span>
    </p>
   </div>
   <div class='ocr_carea' id='block_1_4' title="bbox 161 2562 1292 4316">
    <p class='ocr_par' dir='ltr' id='par_1_6' title="bbox 166 2562 1290 3031">
     <span class='ocr_line' id='line_1_22' title="bbox 166 2562 1288 2630; baseline 0.002 -18"><span class='ocrx_word' id='word_1_182' title='bbox 166 2570 250 2613; x_wconf 89' lang='lat' dir='ltr'><strong>cetera</strong></span> <span class='ocrx_word' id='word_1_183' title='bbox 264 2562 403 2614; x_wconf 82' lang='lat' dir='ltr'><strong>lectionum</strong></span> <span class='ocrx_word' id='word_1_184' title='bbox 418 2571 536 2628; x_wconf 86' lang='lat' dir='ltr'><strong>portenta</strong></span> <span class='ocrx_word' id='word_1_185' title='bbox 551 2572 668 2630; x_wconf 80' lang='lat' dir='ltr'><strong>corrupta</strong></span> <span class='ocrx_word' id='word_1_186' title='bbox 683 2573 742 2616; x_wconf 88' lang='lat' dir='ltr'><strong>sunt</strong></span> <span class='ocrx_word' id='word_1_187' title='bbox 759 2567 867 2630; x_wconf 78' lang='lat' dir='ltr'><strong>vestigia</strong></span> <span class='ocrx_word' id='word_1_188' title='bbox 877 2568 1005 2630; x_wconf 88' lang='lat' dir='ltr'><strong>sequentis</strong></span> <span class='ocrx_word' id='word_1_189' title='bbox 1016 2568 1086 2617; x_wconf 86' lang='lat' dir='ltr'><strong>vocis</strong></span> <span class='ocrx_word' id='word_1_190' title='bbox 1097 2567 1165 2617; x_wconf 86' lang='lat' dir='ltr'><strong>male</strong></span> <span class='ocrx_word' id='word_1_191' title='bbox 1177 2568 1288 2617; x_wconf 84' lang='lat' dir='ltr'><strong>iteratae.</strong></span> 
     </span>
     <span class='ocr_line' id='line_1_23' title="bbox 166 2629 1289 2698; baseline 0 -16"><span class='ocrx_word' id='word_1_192' title='bbox 166 2630 286 2682; x_wconf 83' lang='lat' dir='ltr'><strong>Plantam</strong></span> <span class='ocrx_word' id='word_1_193' title='bbox 301 2631 357 2695; x_wconf 81' lang='lat' dir='ltr'><strong>gith</strong></span> <span class='ocrx_word' id='word_1_194' title='bbox 373 2632 400 2682; x_wconf 91' lang='lat' dir='ltr'><strong>h.</strong></span> <span class='ocrx_word' id='word_1_195' title='bbox 412 2631 429 2681; x_wconf 92' lang='lat' dir='ltr'><strong>l.</strong></span> <span class='ocrx_word' id='word_1_196' title='bbox 441 2647 495 2684; x_wconf 90' lang='lat' dir='ltr'><strong>uon</strong></span> <span class='ocrx_word' id='word_1_197' title='bbox 512 2639 695 2684; x_wconf 83' lang='lat' dir='ltr'><strong>commemorat</strong></span> <span class='ocrx_word' id='word_1_198' title='bbox 706 2634 838 2697; x_wconf 82' lang='lat' dir='ltr'><strong>Theophr.</strong></span> <span class='ocrx_word' id='word_1_199' title='bbox 851 2635 910 2684; x_wconf 89' lang='lat' dir='ltr'><strong>hist.</strong></span> <span class='ocrx_word' id='word_1_200' title='bbox 923 2635 1003 2698; x_wconf 91' lang='lat' dir='ltr'><strong>plant.</strong></span> <span class='ocrx_word' id='word_1_201' title='bbox 1015 2635 1077 2684; x_wconf 88' lang='lat' dir='ltr'><strong>VH.</strong></span> <span class='ocrx_word' id='word_1_202' title='bbox 1089 2641 1114 2695; x_wconf 79' lang='lat'><strong>3,</strong></span> <span class='ocrx_word' id='word_1_203' title='bbox 1127 2641 1151 2684; x_wconf 80' lang='lat'><strong>3.</strong></span> <span class='ocrx_word' id='word_1_204' title='bbox 1172 2629 1289 2695; x_wconf 80' lang='grc' dir='ltr'><em>μάλιστα</em></span> 
     </span>
     <span class='ocr_line' id='line_1_24' title="bbox 166 2692 1290 2767; baseline 0.001 -19"><span class='ocrx_word' id='word_1_205' title='bbox 166 2692 198 2748; x_wconf 84' lang='grc' dir='ltr'><strong>τὸ</strong></span> <span class='ocrx_word' id='word_1_206' title='bbox 211 2692 311 2759; x_wconf 76' lang='grc' dir='ltr'><em>ὤκιμον</em></span> <span class='ocrx_word' id='word_1_207' title='bbox 325 2738 357 2750; x_wconf 92' lang='grc'><strong>..</strong></span> <span class='ocrx_word' id='word_1_208' title='bbox 370 2713 415 2749; x_wconf 91' lang='grc'><strong>...·</strong></span> <span class='ocrx_word' id='word_1_209' title='bbox 434 2695 478 2748; x_wconf 79' lang='grc' dir='ltr'><strong>διὸ</strong></span> <span class='ocrx_word' id='word_1_210' title='bbox 498 2695 543 2749; x_wconf 78' lang='grc' dir='ltr'><strong>καλ</strong></span> <span class='ocrx_word' id='word_1_211' title='bbox 560 2699 798 2765; x_wconf 79' lang='grc' dir='ltr'><em>προαφαιροῦντες</em></span> <span class='ocrx_word' id='word_1_212' title='bbox 814 2694 884 2750; x_wconf 78' lang='grc' dir='ltr'><em>αὐτὰ</em></span> <span class='ocrx_word' id='word_1_213' title='bbox 901 2697 1069 2767; x_wconf 75' lang='grc' dir='ltr'><em>ξηραίνοοσι.</em></span> <span class='ocrx_word' id='word_1_214' title='bbox 1097 2699 1198 2752; x_wconf 85' lang='lat' dir='ltr'><strong>Siceata</strong></span> <span class='ocrx_word' id='word_1_215' title='bbox 1213 2699 1290 2749; x_wconf 80' lang='lat' dir='ltr'><strong>omniu</strong></span> 
     </span>
     <span class='ocr_line' id='line_1_25' title="bbox 166 2762 1288 2833; baseline 0.004 -19"><span class='ocrx_word' id='word_1_216' title='bbox 166 2771 227 2825; x_wconf 81' lang='lat' dir='ltr'><strong>auat,</strong></span> <span class='ocrx_word' id='word_1_217' title='bbox 238 2765 326 2817; x_wconf 80' lang='lat' dir='ltr'><strong>Deles.</strong></span> <span class='ocrx_word' id='word_1_218' title='bbox 345 2807 376 2816; x_wconf 84' lang='lat'><strong>..</strong></span> <span class='ocrx_word' id='word_1_219' title='bbox 400 2773 423 2814; x_wconf 84' lang='lat' dir='ltr'><strong>et</strong></span> <span class='ocrx_word' id='word_1_220' title='bbox 438 2765 517 2830; x_wconf 84' lang='lat' dir='ltr'><strong>apium</strong></span> <span class='ocrx_word' id='word_1_221' title='bbox 532 2774 621 2828; x_wconf 81' lang='lat' dir='ltr'><strong>serunt,</strong></span> <span class='ocrx_word' id='word_1_222' title='bbox 637 2769 703 2818; x_wconf 90' lang='lat' dir='ltr'><strong>Bod.</strong></span> <span class='ocrx_word' id='word_1_223' title='bbox 720 2770 752 2818; x_wconf 90' lang='lat' dir='ltr'><strong>ad</strong></span> <span class='ocrx_word' id='word_1_224' title='bbox 768 2768 901 2832; x_wconf 86' lang='lat' dir='ltr'><strong>Theophr.</strong></span> <span class='ocrx_word' id='word_1_225' title='bbox 916 2767 963 2818; x_wconf 81' lang='lat' dir='ltr'><strong>l.l.</strong></span> <span class='ocrx_word' id='word_1_226' title='bbox 980 2769 1043 2819; x_wconf 84' lang='lat' dir='ltr'>VII.</span> <span class='ocrx_word' id='word_1_227' title='bbox 1060 2775 1084 2830; x_wconf 84' lang='lat'><strong>3,</strong></span> <span class='ocrx_word' id='word_1_228' title='bbox 1097 2775 1121 2818; x_wconf 81' lang='lat' dir='ltr'><strong>t.</strong></span> <span class='ocrx_word' id='word_1_229' title='bbox 1148 2763 1220 2818; x_wconf 73' lang='grc' dir='ltr'><em>οὕτω</em></span> <span class='ocrx_word' id='word_1_230' title='bbox 1236 2762 1288 2833; x_wconf 74' lang='grc' dir='ltr'><strong>γὰρ</strong></span> 
     </span>
     <span class='ocr_line' id='line_1_26' title="bbox 166 2828 1289 2900; baseline 0 -18"><span class='ocrx_word' id='word_1_231' title='bbox 166 2828 198 2882; x_wconf 85' lang='grc' dir='ltr'><strong>τὸ</strong></span> <span class='ocrx_word' id='word_1_232' title='bbox 210 2832 260 2880; x_wconf 88' lang='grc' dir='ltr'><strong>τοῦ</strong></span> <span class='ocrx_word' id='word_1_233' title='bbox 270 2829 376 2896; x_wconf 80' lang='grc' dir='ltr'><strong><em>πράσου</em></strong></span> <span class='ocrx_word' id='word_1_234' title='bbox 387 2828 433 2881; x_wconf 79' lang='grc' dir='ltr'><strong>καλ</strong></span> <span class='ocrx_word' id='word_1_235' title='bbox 445 2830 476 2881; x_wconf 86' lang='grc' dir='ltr'><strong>τὸ</strong></span> <span class='ocrx_word' id='word_1_236' title='bbox 493 2832 543 2882; x_wconf 85' lang='grc' dir='ltr'><strong>τοῦ</strong></span> <span class='ocrx_word' id='word_1_237' title='bbox 558 2830 666 2884; x_wconf 75' lang='grc' dir='ltr'><em>σελίνου</em></span> <span class='ocrx_word' id='word_1_238' title='bbox 683 2831 801 2896; x_wconf 70' lang='grc' dir='ltr'><strong>τιθέασι,</strong></span> <span class='ocrx_word' id='word_1_239' title='bbox 818 2833 876 2883; x_wconf 81' lang='lat' dir='ltr'><strong>coll.</strong></span> <span class='ocrx_word' id='word_1_240' title='bbox 888 2835 982 2886; x_wconf 84' lang='lat' dir='ltr'><strong>Niolas.</strong></span> <span class='ocrx_word' id='word_1_241' title='bbox 994 2837 1028 2884; x_wconf 90' lang='lat' dir='ltr'><strong>ad</strong></span> <span class='ocrx_word' id='word_1_242' title='bbox 1039 2835 1157 2900; x_wconf 87' lang='lat' dir='ltr'><strong>Geopon.</strong></span> <span class='ocrx_word' id='word_1_243' title='bbox 1174 2835 1237 2886; x_wconf 79' lang='grc' dir='ltr'><strong>ΧΠ.</strong></span> <span class='ocrx_word' id='word_1_244' title='bbox 1250 2838 1289 2893; x_wconf 77' lang='grc'><strong>29,</strong></span> 
     </span>
     <span class='ocr_line' id='line_1_27' title="bbox 168 2899 1289 2968; baseline 0.003 -19"><span class='ocrx_word' id='word_1_245' title='bbox 168 2905 191 2949; x_wconf 86' lang='grc'><strong>5.</strong></span> <span class='ocrx_word' id='word_1_246' title='bbox 205 2906 231 2948; x_wconf 90' lang='lat' dir='ltr'><strong>et</strong></span> <span class='ocrx_word' id='word_1_247' title='bbox 242 2899 389 2951; x_wconf 81' lang='lat' dir='ltr'><strong>Schneider.</strong></span> <span class='ocrx_word' id='word_1_248' title='bbox 405 2903 437 2951; x_wconf 90' lang='lat' dir='ltr'><strong>ad</strong></span> <span class='ocrx_word' id='word_1_249' title='bbox 449 2902 581 2965; x_wconf 86' lang='lat' dir='ltr'><strong>Theophr.</strong></span> <span class='ocrx_word' id='word_1_250' title='bbox 597 2902 615 2951; x_wconf 92' lang='lat' dir='ltr'><strong>l.</strong></span> <span class='ocrx_word' id='word_1_251' title='bbox 628 2903 645 2952; x_wconf 91' lang='lat' dir='ltr'><strong>l.</strong></span> <span class='ocrx_word' id='word_1_252' title='bbox 657 2917 683 2966; x_wconf 90' lang='lat' dir='ltr'><strong>p.</strong></span> <span class='ocrx_word' id='word_1_253' title='bbox 698 2907 755 2954; x_wconf 82' lang='grc'><strong>556.</strong></span> <span class='ocrx_word' id='word_1_254' title='bbox 773 2909 795 2953; x_wconf 83' lang='lat' dir='ltr'><strong>et</strong></span> <span class='ocrx_word' id='word_1_255' title='bbox 812 2899 895 2950; x_wconf 85' lang='lat' dir='ltr'><strong>ullium</strong></span> <span class='ocrx_word' id='word_1_256' title='bbox 910 2911 999 2964; x_wconf 83' lang='lat' dir='ltr'><strong>serunt,</strong></span> <span class='ocrx_word' id='word_1_257' title='bbox 1016 2899 1127 2968; x_wconf 70' lang='lat' dir='ltr'><strong>acdssy.</strong></span> <span class='ocrx_word' id='word_1_258' title='bbox 1146 2943 1177 2953; x_wconf 89' lang='lat'>-</span> <span class='ocrx_word' id='word_1_259' title='bbox 1201 2901 1289 2966; x_wconf 75' lang='lat' dir='ltr'><strong>apium,</strong></span> 
     </span>
     <span class='ocr_line' id='line_1_28' title="bbox 169 2966 1191 3031; baseline 0.011 -15"><span class='ocrx_word' id='word_1_260' title='bbox 169 2966 301 3029; x_wconf 82' lang='lat' dir='ltr'><strong>Theophr.</strong></span> <span class='ocrx_word' id='word_1_261' title='bbox 313 2967 331 3016; x_wconf 93' lang='lat' dir='ltr'><strong>l.</strong></span> <span class='ocrx_word' id='word_1_262' title='bbox 343 2968 361 3016; x_wconf 93' lang='lat' dir='ltr'><strong>l.</strong></span> <span class='ocrx_word' id='word_1_263' title='bbox 374 2967 435 3018; x_wconf 90' lang='lat' dir='ltr'>VII.</span> <span class='ocrx_word' id='word_1_264' title='bbox 448 2974 472 3031; x_wconf 85' lang='lat'><strong>3,</strong></span> <span class='ocrx_word' id='word_1_265' title='bbox 486 2974 509 3019; x_wconf 88' lang='grc'><strong>5.</strong></span> <span class='ocrx_word' id='word_1_266' title='bbox 1182 2980 1191 2988; x_wconf 79' lang='grc'><strong>’</strong></span> 
     </span>
    </p>

    <p class='ocr_par' dir='ltr' id='par_1_7' title="bbox 161 3032 1289 3704">
     <span class='ocr_line' id='line_1_29' title="bbox 202 3032 1288 3101; baseline 0.003 -20"><span class='ocrx_word' id='word_1_267' title='bbox 202 3032 217 3094; x_wconf 82' lang='lat'>§</span> <span class='ocrx_word' id='word_1_268' title='bbox 236 3038 293 3084; x_wconf 88' lang='grc'><strong>121.</strong></span> <span class='ocrx_word' id='word_1_269' title='bbox 318 3033 458 3085; x_wconf 79' lang='lat' dir='ltr'><strong>Nascuntur</strong></span> <span class='ocrx_word' id='word_1_270' title='bbox 478 3042 556 3084; x_wconf 82' lang='lat' dir='ltr'><strong>autem</strong></span> <span class='ocrx_word' id='word_1_271' title='bbox 573 3034 653 3084; x_wconf 83' lang='lat' dir='ltr'><strong>omnia</strong></span> <span class='ocrx_word' id='word_1_272' title='bbox 669 3051 752 3100; x_wconf 66' lang='lat' dir='ltr'><strong>seqq„</strong></span> <span class='ocrx_word' id='word_1_273' title='bbox 774 3051 808 3086; x_wconf 83' lang='lat' dir='ltr'><strong>ex</strong></span> <span class='ocrx_word' id='word_1_274' title='bbox 825 3037 956 3101; x_wconf 82' lang='lat' dir='ltr'><strong>Theophr.</strong></span> <span class='ocrx_word' id='word_1_275' title='bbox 973 3037 1033 3087; x_wconf 86' lang='lat' dir='ltr'><strong>hist.</strong></span> <span class='ocrx_word' id='word_1_276' title='bbox 1048 3038 1129 3101; x_wconf 86' lang='lat' dir='ltr'><strong>plant.</strong></span> <span class='ocrx_word' id='word_1_277' title='bbox 1146 3035 1208 3086; x_wconf 87' lang='lat' dir='ltr'>VII.</span> <span class='ocrx_word' id='word_1_278' title='bbox 1226 3043 1250 3098; x_wconf 94' lang='grc'><strong>2,</strong></span> <span class='ocrx_word' id='word_1_279' title='bbox 1268 3041 1288 3084; x_wconf 90' lang='lat' dir='ltr'><strong>l.</strong></span> 
     </span>
     <span class='ocr_line' id='line_1_30' title="bbox 168 3100 1288 3168; baseline 0.001 -18"><span class='ocrx_word' id='word_1_280' title='bbox 168 3141 200 3150; x_wconf 93' lang='grc'><strong>..</strong></span> <span class='ocrx_word' id='word_1_281' title='bbox 223 3100 341 3164; x_wconf 76' lang='lat' dir='ltr'><strong>quosdam</strong></span> <span class='ocrx_word' id='word_1_282' title='bbox 358 3111 380 3151; x_wconf 83' lang='lat' dir='ltr'><strong>et</strong></span> <span class='ocrx_word' id='word_1_283' title='bbox 395 3103 481 3151; x_wconf 82' lang='lat' dir='ltr'><strong>semine</strong></span> <span class='ocrx_word' id='word_1_284' title='bbox 495 3110 526 3165; x_wconf 85' lang='lat' dir='ltr'><strong>et,</strong></span> <span class='ocrx_word' id='word_1_285' title='bbox 543 3103 596 3154; x_wconf 72' lang='grc' dir='ltr'><strong>Τά.</strong></span> <span class='ocrx_word' id='word_1_286' title='bbox 615 3143 647 3152; x_wconf 93' lang='grc'><strong>..</strong></span> <span class='ocrx_word' id='word_1_287' title='bbox 670 3101 814 3167; x_wconf 79' lang='lat' dir='ltr'><strong>praecidunt</strong></span> <span class='ocrx_word' id='word_1_288' title='bbox 825 3104 905 3166; x_wconf 84' lang='lat' dir='ltr'><strong>etium,</strong></span> <span class='ocrx_word' id='word_1_289' title='bbox 921 3104 1016 3158; x_wconf 59' lang='lat' dir='ltr'><strong>Doleo,</strong></span> <span class='ocrx_word' id='word_1_290' title='bbox 1029 3144 1060 3154; x_wconf 87' lang='lat'>-</span> <span class='ocrx_word' id='word_1_291' title='bbox 1084 3104 1241 3168; x_wconf 42' lang='lat' dir='ltr'><strong>prooemia.</strong></span> <span class='ocrx_word' id='word_1_292' title='bbox 1259 3142 1288 3151; x_wconf 89' lang='grc'><strong>..</strong></span> 
     </span>
     <span class='ocr_line' id='line_1_31' title="bbox 166 3165 1287 3236; baseline 0.004 -21"><span class='ocrx_word' id='word_1_293' title='bbox 166 3165 265 3231; x_wconf 81' lang='lat' dir='ltr'><strong>palmae</strong></span> <span class='ocrx_word' id='word_1_294' title='bbox 281 3167 438 3232; x_wconf 83' lang='lat' dir='ltr'><strong>altitudinem,</strong></span> <span class='ocrx_word' id='word_1_295' title='bbox 453 3172 486 3221; x_wconf 88' lang='grc' dir='ltr'><strong>Κ.</strong></span> <span class='ocrx_word' id='word_1_296' title='bbox 506 3211 538 3221; x_wconf 92' lang='grc'><strong>...</strong></span> <span class='ocrx_word' id='word_1_297' title='bbox 560 3178 583 3218; x_wconf 88' lang='lat' dir='ltr'><strong>et</strong></span> <span class='ocrx_word' id='word_1_298' title='bbox 597 3170 684 3220; x_wconf 79' lang='lat' dir='ltr'><strong>saraiae</strong></span> <span class='ocrx_word' id='word_1_299' title='bbox 695 3179 718 3220; x_wconf 84' lang='lat' dir='ltr'><strong>et</strong></span> <span class='ocrx_word' id='word_1_300' title='bbox 728 3168 819 3232; x_wconf 81' lang='lat' dir='ltr'><strong>radios,</strong></span> <span class='ocrx_word' id='word_1_301' title='bbox 830 3174 895 3221; x_wconf 85' lang='lat' dir='ltr'><strong>aed.</strong></span> <span class='ocrx_word' id='word_1_302' title='bbox 921 3170 1037 3220; x_wconf 77' lang='lat' dir='ltr'><strong>siradius</strong></span> <span class='ocrx_word' id='word_1_303' title='bbox 1050 3171 1177 3232; x_wconf 77' lang='lat' dir='ltr'><strong>stramine,</strong></span> <span class='ocrx_word' id='word_1_304' title='bbox 1189 3166 1241 3236; x_wconf 77' lang='grc' dir='ltr'><strong>βγ.</strong></span> <span class='ocrx_word' id='word_1_305' title='bbox 1259 3210 1287 3219; x_wconf 85' lang='grc'>-</span> 
     </span>
     <span class='ocr_line' id='line_1_32' title="bbox 167 3233 1289 3302; baseline 0.003 -19"><span class='ocrx_word' id='word_1_306' title='bbox 167 3233 347 3294; x_wconf 66' lang='lat' dir='ltr'><strong>reticeamus</strong></span> <span class='ocrx_word' id='word_1_307' title='bbox 373 3234 609 3302; x_wconf 64' lang='lat' dir='ltr'><strong>rediremaedfir.</strong></span> <span class='ocrx_word' id='word_1_308' title='bbox 628 3279 659 3288; x_wconf 89' lang='grc'><strong>..</strong></span> <span class='ocrx_word' id='word_1_309' title='bbox 682 3239 971 3300; x_wconf 59' lang='lat' dir='ltr'><strong>uuaffarorumfflarbar.</strong></span> <span class='ocrx_word' id='word_1_310' title='bbox 997 3238 1203 3302; x_wconf 81' lang='lat' dir='ltr'><strong>minimiserorum,</strong></span> <span class='ocrx_word' id='word_1_311' title='bbox 1218 3238 1289 3289; x_wconf 85' lang='lat' dir='ltr'><strong>a²ad</strong></span> 
     </span>
     <span class='ocr_line' id='line_1_33' title="bbox 167 3298 1288 3368; baseline 0.004 -20"><span class='ocrx_word' id='word_1_312' title='bbox 167 3298 255 3362; x_wconf 84' lang='lat' dir='ltr'><strong>(codd.</strong></span> <span class='ocrx_word' id='word_1_313' title='bbox 267 3300 394 3364; x_wconf 85' lang='lat' dir='ltr'><strong>Barbari).</strong></span> <span class='ocrx_word' id='word_1_314' title='bbox 412 3302 667 3366; x_wconf 62' lang='lat' dir='ltr'><strong>minimfferorum,a&#39;.</strong></span> <span class='ocrx_word' id='word_1_315' title='bbox 692 3305 966 3367; x_wconf 67' lang='lat' dir='ltr'><strong>minimecauteaPint.</strong></span> <span class='ocrx_word' id='word_1_316' title='bbox 985 3346 1016 3355; x_wconf 82' lang='grc'>-</span> <span class='ocrx_word' id='word_1_317' title='bbox 1040 3305 1212 3368; x_wconf 79' lang='lat' dir='ltr'><strong>relinquuntur,</strong></span> <span class='ocrx_word' id='word_1_318' title='bbox 1223 3307 1288 3356; x_wconf 77' lang='lat' dir='ltr'><strong>Pina</strong></span> 
     </span>
     <span class='ocr_line' id='line_1_34' title="bbox 168 3365 1287 3438; baseline 0.006 -24"><span class='ocrx_word' id='word_1_319' title='bbox 168 3365 304 3428; x_wconf 69' lang='lat' dir='ltr'><strong>relinquerat</strong></span> <span class='ocrx_word' id='word_1_320' title='bbox 314 3375 347 3428; x_wconf 87' lang='lat' dir='ltr'><strong>ut,</strong></span> <span class='ocrx_word' id='word_1_321' title='bbox 358 3370 426 3418; x_wconf 87' lang='lat' dir='ltr'><strong>aed.</strong></span> <span class='ocrx_word' id='word_1_322' title='bbox 443 3367 587 3432; x_wconf 76' lang='lat' dir='ltr'><strong>relinquant,</strong></span> <span class='ocrx_word' id='word_1_323' title='bbox 597 3366 648 3433; x_wconf 77' lang='grc' dir='ltr'><strong>βγ.</strong></span> <span class='ocrx_word' id='word_1_324' title='bbox 666 3368 765 3433; x_wconf 79' lang='grc' dir='ltr'><em>φύεται</em></span> <span class='ocrx_word' id='word_1_325' title='bbox 777 3370 810 3421; x_wconf 79' lang='grc' dir='ltr'><strong>δὲ</strong></span> <span class='ocrx_word' id='word_1_326' title='bbox 823 3368 879 3435; x_wconf 84' lang='grc' dir='ltr'><strong>καί,</strong></span> <span class='ocrx_word' id='word_1_327' title='bbox 893 3368 1009 3423; x_wconf 75' lang='grc' dir='ltr'><em>εἴτινινν</em></span> <span class='ocrx_word' id='word_1_328' title='bbox 1022 3369 1052 3421; x_wconf 79' lang='grc' dir='ltr'><strong>αἱ</strong></span> <span class='ocrx_word' id='word_1_329' title='bbox 1062 3370 1136 3438; x_wconf 75' lang='grc' dir='ltr'><em>ῥίζαι</em></span> <span class='ocrx_word' id='word_1_330' title='bbox 1148 3370 1287 3434; x_wconf 78' lang='grc' dir='ltr'><em>διαμένον-</em></span> 
     </span>
     <span class='ocr_line' id='line_1_35' title="bbox 167 3428 1288 3506; baseline 0.006 -24"><span class='ocrx_word' id='word_1_331' title='bbox 167 3447 209 3483; x_wconf 92' lang='grc' dir='ltr'><strong>σιν</strong></span> <span class='ocrx_word' id='word_1_332' title='bbox 227 3428 272 3482; x_wconf 71' lang='lat' dir='ltr'><strong>tut</strong></span> <span class='ocrx_word' id='word_1_333' title='bbox 288 3430 399 3483; x_wconf 78' lang='grc' dir='ltr'><em>πλείονα</em></span> <span class='ocrx_word' id='word_1_334' title='bbox 413 3431 530 3501; x_wconf 81' lang='grc' dir='ltr'><em>χρόνον,</em></span> <span class='ocrx_word' id='word_1_335' title='bbox 549 3432 763 3486; x_wconf 71' lang='grc' dir='ltr'><em>ἐπεπιοιαύλων</em></span> <span class='ocrx_word' id='word_1_336' title='bbox 775 3434 871 3500; x_wconf 79' lang='grc' dir='ltr'><em>ὄντων,</em></span> <span class='ocrx_word' id='word_1_337' title='bbox 890 3442 1022 3506; x_wconf 85' lang='lat' dir='ltr'><strong>Theophr.</strong></span> <span class='ocrx_word' id='word_1_338' title='bbox 1038 3440 1056 3490; x_wconf 90' lang='grc'><strong>1.</strong></span> <span class='ocrx_word' id='word_1_339' title='bbox 1067 3440 1085 3490; x_wconf 88' lang='grc'><strong>1.</strong></span> <span class='ocrx_word' id='word_1_340' title='bbox 1102 3440 1203 3499; x_wconf 78' lang='grc'><strong>11112,</strong></span> <span class='ocrx_word' id='word_1_341' title='bbox 1218 3446 1241 3490; x_wconf 87' lang='lat' dir='ltr'><strong>l.</strong></span> <span class='ocrx_word' id='word_1_342' title='bbox 1259 3479 1288 3488; x_wconf 87' lang='lat'><strong>..</strong></span> 
     </span>
     <span class='ocr_line' id='line_1_36' title="bbox 161 3495 1289 3571; baseline 0.007 -21"><span class='ocrx_word' id='word_1_343' title='bbox 161 3499 292 3565; x_wconf 77' lang='lat' dir='ltr'><strong>fruticant,</strong></span> <span class='ocrx_word' id='word_1_344' title='bbox 305 3504 328 3552; x_wconf 88' lang='lat' dir='ltr'><strong>d.</strong></span> <span class='ocrx_word' id='word_1_345' title='bbox 347 3502 508 3567; x_wconf 79' lang='lat' dir='ltr'><strong>fructificent,</strong></span> <span class='ocrx_word' id='word_1_346' title='bbox 523 3495 591 3551; x_wconf 72' lang='lat' dir='ltr'><strong>Oua.</strong></span> <span class='ocrx_word' id='word_1_347' title='bbox 611 3542 642 3551; x_wconf 90' lang='lat'><strong>..</strong></span> <span class='ocrx_word' id='word_1_348' title='bbox 660 3510 683 3550; x_wconf 86' lang='lat' dir='ltr'><strong>et</strong></span> <span class='ocrx_word' id='word_1_349' title='bbox 694 3501 746 3552; x_wconf 83' lang='lat' dir='ltr'><strong>aliu</strong></span> <span class='ocrx_word' id='word_1_350' title='bbox 757 3520 810 3565; x_wconf 85' lang='lat' dir='ltr'><strong>uon,</strong></span> <span class='ocrx_word' id='word_1_351' title='bbox 822 3507 913 3558; x_wconf 88' lang='lat' dir='ltr'><strong>Delec.</strong></span> <span class='ocrx_word' id='word_1_352' title='bbox 932 3548 963 3557; x_wconf 82' lang='grc'>-</span> <span class='ocrx_word' id='word_1_353' title='bbox 981 3507 1098 3571; x_wconf 79' lang='lat' dir='ltr'><strong>capituto,</strong></span> <span class='ocrx_word' id='word_1_354' title='bbox 1110 3510 1179 3557; x_wconf 85' lang='lat' dir='ltr'><strong>Pint.</strong></span> <span class='ocrx_word' id='word_1_355' title='bbox 1201 3506 1289 3570; x_wconf 80' lang='lat' dir='ltr'><strong>cupite,</strong></span> 
     </span>
     <span class='ocr_line' id='line_1_37' title="bbox 168 3559 1288 3641; baseline 0.004 -22"><span class='ocrx_word' id='word_1_356' title='bbox 168 3571 232 3621; x_wconf 86' lang='lat' dir='ltr'><strong>aad.</strong></span> <span class='ocrx_word' id='word_1_357' title='bbox 254 3568 339 3632; x_wconf 79' lang='lat' dir='ltr'><strong>rapite,</strong></span> <span class='ocrx_word' id='word_1_358' title='bbox 354 3565 405 3633; x_wconf 78' lang='grc' dir='ltr'><strong>βγ.</strong></span> <span class='ocrx_word' id='word_1_359' title='bbox 426 3565 647 3633; x_wconf 74' lang='grc' dir='ltr'><em>παραβλαστάνει</em></span> <span class='ocrx_word' id='word_1_360' title='bbox 665 3559 689 3618; x_wconf 80' lang='grc' dir='ltr'><strong>δ’</strong></span> <span class='ocrx_word' id='word_1_361' title='bbox 703 3565 763 3620; x_wconf 83' lang='grc' dir='ltr'><em>ἔνια</em></span> <span class='ocrx_word' id='word_1_362' title='bbox 775 3568 820 3621; x_wconf 79' lang='grc' dir='ltr'><strong>καὶ</strong></span> <span class='ocrx_word' id='word_1_363' title='bbox 832 3572 884 3622; x_wconf 81' lang='grc' dir='ltr'><strong>τῶν</strong></span> <span class='ocrx_word' id='word_1_364' title='bbox 895 3572 934 3640; x_wconf 75' lang='grc' dir='ltr'><strong>μὴ</strong></span> <span class='ocrx_word' id='word_1_365' title='bbox 947 3570 1163 3640; x_wconf 76' lang='grc' dir='ltr'><em>ιεφαλορρίζινν,</em></span> <span class='ocrx_word' id='word_1_366' title='bbox 1176 3588 1288 3641; x_wconf 78' lang='grc' dir='ltr'><em>χρονιω·</em></span> 
     </span>
     <span class='ocr_line' id='line_1_38' title="bbox 169 3631 1054 3704; baseline 0.008 -18"><span class='ocrx_word' id='word_1_367' title='bbox 169 3633 255 3702; x_wconf 61' lang='lat' dir='ltr'><strong>espen</strong></span> <span class='ocrx_word' id='word_1_368' title='bbox 267 3633 311 3698; x_wconf 82' lang='grc' dir='ltr'><strong>δέ,</strong></span> <span class='ocrx_word' id='word_1_369' title='bbox 324 3631 382 3685; x_wconf 81' lang='grc' dir='ltr'><em>οἷον</em></span> <span class='ocrx_word' id='word_1_370' title='bbox 394 3632 499 3684; x_wconf 85' lang='grc' dir='ltr'><em>σέλινον</em></span> <span class='ocrx_word' id='word_1_371' title='bbox 511 3631 556 3684; x_wconf 78' lang='grc' dir='ltr'><strong>καὶ</strong></span> <span class='ocrx_word' id='word_1_372' title='bbox 569 3632 700 3699; x_wconf 84' lang='grc' dir='ltr'><em>τεύτλιον,</em></span> <span class='ocrx_word' id='word_1_373' title='bbox 713 3639 846 3704; x_wconf 84' lang='lat' dir='ltr'><strong>Theophr.</strong></span> <span class='ocrx_word' id='word_1_374' title='bbox 858 3641 876 3691; x_wconf 90' lang='lat'><strong>1.</strong></span> <span class='ocrx_word' id='word_1_375' title='bbox 888 3643 906 3691; x_wconf 90' lang='grc'><strong>1.</strong></span> <span class='ocrx_word' id='word_1_376' title='bbox 919 3643 980 3692; x_wconf 75' lang='lat' dir='ltr'>VII.</span> <span class='ocrx_word' id='word_1_377' title='bbox 993 3649 1017 3704; x_wconf 86' lang='grc'><strong>2,</strong></span> <span class='ocrx_word' id='word_1_378' title='bbox 1029 3649 1054 3692; x_wconf 90' lang='grc'><strong>2.</strong></span> 
     </span>
    </p>

    <p class='ocr_par' dir='ltr' id='par_1_8' title="bbox 167 3702 1290 3979">
     <span class='ocr_line' id='line_1_39' title="bbox 203 3702 1289 3774; baseline 0.003 -20"><span class='ocrx_word' id='word_1_379' title='bbox 203 3706 218 3767; x_wconf 83' lang='lat'>§</span> <span class='ocrx_word' id='word_1_380' title='bbox 232 3710 288 3755; x_wconf 93' lang='grc'><strong>122.</strong></span> <span class='ocrx_word' id='word_1_381' title='bbox 311 3703 417 3753; x_wconf 81' lang='lat' dir='ltr'><strong>crebrum</strong></span> <span class='ocrx_word' id='word_1_382' title='bbox 429 3702 526 3765; x_wconf 76' lang='grc' dir='ltr'><strong>σανίσιν,</strong></span> <span class='ocrx_word' id='word_1_383' title='bbox 537 3703 605 3753; x_wconf 83' lang='lat' dir='ltr'><strong>Piut</strong></span> <span class='ocrx_word' id='word_1_384' title='bbox 622 3705 656 3754; x_wconf 89' lang='lat' dir='ltr'><strong>V.</strong></span> <span class='ocrx_word' id='word_1_385' title='bbox 668 3705 788 3758; x_wconf 80' lang='lat' dir='ltr'><strong>Schneid.</strong></span> <span class='ocrx_word' id='word_1_386' title='bbox 800 3709 834 3756; x_wconf 86' lang='lat' dir='ltr'><strong>ad</strong></span> <span class='ocrx_word' id='word_1_387' title='bbox 845 3709 976 3774; x_wconf 87' lang='lat' dir='ltr'><strong>Theophr.</strong></span> <span class='ocrx_word' id='word_1_388' title='bbox 993 3710 1052 3760; x_wconf 87' lang='lat' dir='ltr'><strong>hist.</strong></span> <span class='ocrx_word' id='word_1_389' title='bbox 1064 3709 1143 3774; x_wconf 87' lang='lat' dir='ltr'><strong>plant.</strong></span> <span class='ocrx_word' id='word_1_390' title='bbox 1157 3709 1220 3761; x_wconf 88' lang='lat' dir='ltr'><strong>VII.</strong></span> <span class='ocrx_word' id='word_1_391' title='bbox 1232 3716 1255 3770; x_wconf 90' lang='grc'><strong>2,</strong></span> <span class='ocrx_word' id='word_1_392' title='bbox 1267 3715 1289 3758; x_wconf 80' lang='lat' dir='ltr'><strong>t.</strong></span> 
     </span>
     <span class='ocr_line' id='line_1_40' title="bbox 168 3765 1289 3842; baseline 0.004 -22"><span class='ocrx_word' id='word_1_393' title='bbox 168 3787 195 3836; x_wconf 86' lang='lat' dir='ltr'><strong>p.</strong></span> <span class='ocrx_word' id='word_1_394' title='bbox 208 3777 265 3821; x_wconf 79' lang='grc'><strong>548.</strong></span> <span class='ocrx_word' id='word_1_395' title='bbox 285 3811 316 3822; x_wconf 86' lang='grc'><strong>..</strong></span> <span class='ocrx_word' id='word_1_396' title='bbox 334 3769 445 3834; x_wconf 61' lang='lat' dir='ltr'><strong>domm,</strong></span> <span class='ocrx_word' id='word_1_397' title='bbox 458 3765 544 3822; x_wconf 73' lang='lat' dir='ltr'><strong>anr.</strong></span> <span class='ocrx_word' id='word_1_398' title='bbox 562 3767 672 3836; x_wconf 56' lang='grc' dir='ltr'><strong>λιπαραὶ,</strong></span> <span class='ocrx_word' id='word_1_399' title='bbox 684 3770 734 3835; x_wconf 66' lang='lat' dir='ltr'><strong>au.</strong></span> <span class='ocrx_word' id='word_1_400' title='bbox 754 3815 785 3824; x_wconf 82' lang='grc'>-</span> <span class='ocrx_word' id='word_1_401' title='bbox 803 3783 924 3839; x_wconf 77' lang='lat' dir='ltr'><strong>aesmtem,</strong></span> <span class='ocrx_word' id='word_1_402' title='bbox 935 3779 990 3828; x_wconf 88' lang='lat' dir='ltr'><strong>Kd.</strong></span> <span class='ocrx_word' id='word_1_403' title='bbox 1008 3784 1107 3838; x_wconf 77' lang='grc' dir='ltr'><strong>αιιιαοι,</strong></span> <span class='ocrx_word' id='word_1_404' title='bbox 1118 3774 1211 3842; x_wconf 55' lang='lat' dir='ltr'><strong>aspir.</strong></span> <span class='ocrx_word' id='word_1_405' title='bbox 1236 3774 1289 3825; x_wconf 80' lang='lat' dir='ltr'><strong>dra·</strong></span> 
     </span>
     <span class='ocr_line' id='line_1_41' title="bbox 167 3830 1290 3957; baseline 0.004 -69"><span class='ocrx_word' id='word_1_406' title='bbox 167 3835 284 3957; x_wconf 48' lang='grc' dir='ltr'><strong>,ἶιέινογοιῖιΙ</strong></span> <span class='ocrx_word' id='word_1_407' title='bbox 296 3839 357 3956; x_wconf 71' lang='grc' dir='ltr'><strong>γῆς5</strong></span> <span class='ocrx_word' id='word_1_408' title='bbox 364 3833 565 3906; x_wconf 70' lang='grc' dir='ltr'><em>ἐπιβληθείσης</em></span> <span class='ocrx_word' id='word_1_409' title='bbox 576 3830 640 3906; x_wconf 76' lang='grc' dir='ltr'><em>ἄχρι</em></span> <span class='ocrx_word' id='word_1_410' title='bbox 652 3837 756 3906; x_wconf 75' lang='grc' dir='ltr'><em>ιλέροος</em></span> <span class='ocrx_word' id='word_1_411' title='bbox 770 3838 815 3892; x_wconf 80' lang='grc' dir='ltr'><strong>καὶ</strong></span> <span class='ocrx_word' id='word_1_412' title='bbox 828 3837 942 3911; x_wconf 74' lang='grc' dir='ltr'><em>αὔξησιν</em></span> <span class='ocrx_word' id='word_1_413' title='bbox 954 3839 1139 3906; x_wconf 74' lang='grc' dir='ltr'><em>λαμβάνουσι,</em></span> <span class='ocrx_word' id='word_1_414' title='bbox 1157 3846 1290 3909; x_wconf 81' lang='lat' dir='ltr'><strong>Theophr.</strong></span> 
     </span>
     <span class='ocr_line' id='line_1_42' title="bbox 181 3912 571 3979; baseline 0.008 -24"><span class='ocrx_word' id='word_1_415' title='bbox 181 3942 186 3955; x_wconf 94' lang='lat'>.</span> <span class='ocrx_word' id='word_1_416' title='bbox 210 3941 217 3954; x_wconf 92' lang='lat'><strong>.</strong></span> <span class='ocrx_word' id='word_1_417' title='bbox 285 3912 329 3967; x_wconf 85' lang='lat' dir='ltr'><strong>.s,</strong></span> <span class='ocrx_word' id='word_1_418' title='bbox 359 3942 366 3955; x_wconf 87' lang='lat'><strong>.</strong></span> <span class='ocrx_word' id='word_1_419' title='bbox 561 3962 571 3979; x_wconf 88' lang='lat'><strong>.</strong></span> 
     </span>
    </p>

    <p class='ocr_par' dir='ltr' id='par_1_9' title="bbox 170 3971 1292 4316">
     <span class='ocr_line' id='line_1_43' title="bbox 204 3971 1291 4043; baseline 0.006 -20"><span class='ocrx_word' id='word_1_420' title='bbox 204 3971 219 4032; x_wconf 83' lang='lat'>§</span> <span class='ocrx_word' id='word_1_421' title='bbox 234 3979 290 4025; x_wconf 79' lang='lat'><strong>12³.</strong></span> <span class='ocrx_word' id='word_1_422' title='bbox 307 3989 388 4036; x_wconf 78' lang='lat' dir='ltr'><strong>usque,</strong></span> <span class='ocrx_word' id='word_1_423' title='bbox 400 3990 441 4024; x_wconf 88' lang='lat' dir='ltr'><strong>ac.</strong></span> <span class='ocrx_word' id='word_1_424' title='bbox 459 3974 573 4039; x_wconf 84' lang='lat' dir='ltr'><strong>Sumpsit</strong></span> <span class='ocrx_word' id='word_1_425' title='bbox 583 3976 647 4026; x_wconf 84' lang='lat' dir='ltr'><strong>haee</strong></span> <span class='ocrx_word' id='word_1_426' title='bbox 658 3975 724 4027; x_wconf 87' lang='lat' dir='ltr'><strong>Pliu.</strong></span> <span class='ocrx_word' id='word_1_427' title='bbox 737 3993 770 4027; x_wconf 87' lang='lat' dir='ltr'><strong>ex</strong></span> <span class='ocrx_word' id='word_1_428' title='bbox 782 3979 913 4042; x_wconf 86' lang='lat' dir='ltr'><strong>Theophr.</strong></span> <span class='ocrx_word' id='word_1_429' title='bbox 924 3978 942 4028; x_wconf 91' lang='lat' dir='ltr'><strong>l.</strong></span> <span class='ocrx_word' id='word_1_430' title='bbox 954 3978 972 4029; x_wconf 80' lang='lat' dir='ltr'><strong>l.</strong></span> <span class='ocrx_word' id='word_1_431' title='bbox 985 3979 1046 4030; x_wconf 85' lang='lat' dir='ltr'>VII.</span> <span class='ocrx_word' id='word_1_432' title='bbox 1058 3987 1083 4042; x_wconf 80' lang='grc'><strong>4,</strong></span> <span class='ocrx_word' id='word_1_433' title='bbox 1099 3985 1121 4031; x_wconf 84' lang='lat' dir='ltr'><strong>l.</strong></span> <span class='ocrx_word' id='word_1_434' title='bbox 1133 4020 1164 4030; x_wconf 93' lang='grc'><strong>..</strong></span> <span class='ocrx_word' id='word_1_435' title='bbox 1175 3978 1291 4043; x_wconf 72' lang='lat' dir='ltr'><strong>fertilius,</strong></span> 
     </span>
     <span class='ocr_line' id='line_1_44' title="bbox 170 4040 1291 4111; baseline 0.005 -20"><span class='ocrx_word' id='word_1_436' title='bbox 170 4042 236 4091; x_wconf 86' lang='lat' dir='ltr'><strong>aed.</strong></span> <span class='ocrx_word' id='word_1_437' title='bbox 254 4040 380 4104; x_wconf 67' lang='lat' dir='ltr'><strong>sedeam,</strong></span> <span class='ocrx_word' id='word_1_438' title='bbox 397 4041 494 4106; x_wconf 82' lang='lat' dir='ltr'><strong>Appul.</strong></span> <span class='ocrx_word' id='word_1_439' title='bbox 512 4059 536 4107; x_wconf 90' lang='lat' dir='ltr'><strong>p.</strong></span> <span class='ocrx_word' id='word_1_440' title='bbox 549 4046 607 4094; x_wconf 82' lang='grc'><strong>279.</strong></span> <span class='ocrx_word' id='word_1_441' title='bbox 627 4084 658 4094; x_wconf 91' lang='grc'><strong>..</strong></span> <span class='ocrx_word' id='word_1_442' title='bbox 685 4052 770 4105; x_wconf 86' lang='lat' dir='ltr'><strong>autem,</strong></span> <span class='ocrx_word' id='word_1_443' title='bbox 787 4047 824 4095; x_wconf 86' lang='lat' dir='ltr'><strong>ad</strong></span> <span class='ocrx_word' id='word_1_444' title='bbox 842 4042 965 4109; x_wconf 83' lang='lat' dir='ltr'><strong>(Appul,</strong></span> <span class='ocrx_word' id='word_1_445' title='bbox 982 4063 1138 4111; x_wconf 85' lang='lat' dir='ltr'><strong>quamquam</strong></span> <span class='ocrx_word' id='word_1_446' title='bbox 1155 4049 1196 4097; x_wconf 86' lang='lat' dir='ltr'><strong>hie</strong></span> <span class='ocrx_word' id='word_1_447' title='bbox 1211 4047 1291 4097; x_wconf 87' lang='lat' dir='ltr'><strong>verbis</strong></span> 
     </span>
     <span class='ocr_line' id='line_1_45' title="bbox 170 4106 1291 4178; baseline 0.007 -22"><span class='ocrx_word' id='word_1_448' title='bbox 170 4106 274 4173; x_wconf 83' lang='lat' dir='ltr'><strong>paulum</strong></span> <span class='ocrx_word' id='word_1_449' title='bbox 286 4109 466 4174; x_wconf 84' lang='lat' dir='ltr'><strong>transpositis).</strong></span> <span class='ocrx_word' id='word_1_450' title='bbox 486 4110 574 4162; x_wconf 90' lang='lat' dir='ltr'><strong>Omitt.</strong></span> <span class='ocrx_word' id='word_1_451' title='bbox 587 4107 656 4177; x_wconf 74' lang='grc' dir='ltr'><strong>οβγ.</strong></span> <span class='ocrx_word' id='word_1_452' title='bbox 679 4111 758 4176; x_wconf 85' lang='lat' dir='ltr'><strong>Apud</strong></span> <span class='ocrx_word' id='word_1_453' title='bbox 769 4113 927 4176; x_wconf 84' lang='lat' dir='ltr'><strong>Appuleium</strong></span> <span class='ocrx_word' id='word_1_454' title='bbox 943 4128 1002 4165; x_wconf 84' lang='lat' dir='ltr'><strong>oum</strong></span> <span class='ocrx_word' id='word_1_455' title='bbox 1019 4117 1096 4166; x_wconf 87' lang='lat' dir='ltr'><strong>verba</strong></span> <span class='ocrx_word' id='word_1_456' title='bbox 1112 4115 1148 4164; x_wconf 87' lang='lat' dir='ltr'><strong>ita</strong></span> <span class='ocrx_word' id='word_1_457' title='bbox 1163 4114 1291 4178; x_wconf 85' lang='lat' dir='ltr'><strong>legantur:</strong></span> 
     </span>
     <span class='ocr_line' id='line_1_46' title="bbox 171 4178 1292 4245; baseline 0.009 -22"><span class='ocrx_word' id='word_1_458' title='bbox 171 4182 245 4224; x_wconf 83' lang='lat' dir='ltr'><strong>mente</strong></span> <span class='ocrx_word' id='word_1_459' title='bbox 261 4184 339 4224; x_wconf 83' lang='lat' dir='ltr'><strong>autem</strong></span> <span class='ocrx_word' id='word_1_460' title='bbox 354 4185 378 4225; x_wconf 83' lang='lat' dir='ltr'><strong>et</strong></span> <span class='ocrx_word' id='word_1_461' title='bbox 393 4186 544 4228; x_wconf 79' lang='lat' dir='ltr'><strong>menurstrum</strong></span> <span class='ocrx_word' id='word_1_462' title='bbox 561 4186 584 4228; x_wconf 85' lang='lat' dir='ltr'><strong>et</strong></span> <span class='ocrx_word' id='word_1_463' title='bbox 598 4187 666 4243; x_wconf 75' lang='lat' dir='ltr'><strong>nepte</strong></span> <span class='ocrx_word' id='word_1_464' title='bbox 682 4186 704 4227; x_wconf 84' lang='lat' dir='ltr'><strong>et</strong></span> <span class='ocrx_word' id='word_1_465' title='bbox 720 4178 823 4229; x_wconf 78' lang='lat' dir='ltr'><strong>intubum</strong></span> <span class='ocrx_word' id='word_1_466' title='bbox 838 4189 862 4229; x_wconf 82' lang='lat' dir='ltr'><strong>et</strong></span> <span class='ocrx_word' id='word_1_467' title='bbox 868 4178 974 4245; x_wconf 79' lang='lat' dir='ltr'><strong>pultium</strong></span> <span class='ocrx_word' id='word_1_468' title='bbox 986 4183 1057 4231; x_wconf 85' lang='lat' dir='ltr'><strong>etium</strong></span> <span class='ocrx_word' id='word_1_469' title='bbox 1069 4199 1115 4231; x_wconf 82' lang='grc' dir='ltr'><em>ιιοιι</em></span> <span class='ocrx_word' id='word_1_470' title='bbox 1125 4189 1182 4232; x_wconf 81' lang='lat' dir='ltr'><strong>satu</strong></span> <span class='ocrx_word' id='word_1_471' title='bbox 1193 4198 1292 4232; x_wconf 71' lang='lat' dir='ltr'><strong>metm·</strong></span> 
     </span>
     <span class='ocr_line' id='line_1_47' title="bbox 172 4244 1292 4316; baseline 0.007 -24"><span class='ocrx_word' id='word_1_472' title='bbox 172 4251 218 4305; x_wconf 82' lang='lat' dir='ltr'><strong>tur,</strong></span> <span class='ocrx_word' id='word_1_473' title='bbox 236 4244 278 4294; x_wconf 82' lang='lat' dir='ltr'><strong>vix</strong></span> <span class='ocrx_word' id='word_1_474' title='bbox 295 4245 398 4297; x_wconf 85' lang='lat' dir='ltr'><strong>dubium</strong></span> <span class='ocrx_word' id='word_1_475' title='bbox 411 4254 454 4309; x_wconf 80' lang='lat' dir='ltr'><strong>est,</strong></span> <span class='ocrx_word' id='word_1_476' title='bbox 473 4247 534 4311; x_wconf 83' lang='lat' dir='ltr'><strong>quin</strong></span> <span class='ocrx_word' id='word_1_477' title='bbox 545 4247 682 4312; x_wconf 77' lang='lat' dir='ltr'><strong>legendum</strong></span> <span class='ocrx_word' id='word_1_478' title='bbox 693 4248 726 4297; x_wconf 84' lang='lat' dir='ltr'><strong>sit</strong></span> <span class='ocrx_word' id='word_1_479' title='bbox 737 4254 818 4311; x_wconf 81' lang='lat' dir='ltr'><strong>mente,</strong></span> <span class='ocrx_word' id='word_1_480' title='bbox 835 4256 992 4300; x_wconf 79' lang='lat' dir='ltr'><strong>mentastrum.</strong></span> <span class='ocrx_word' id='word_1_481' title='bbox 1017 4251 1084 4302; x_wconf 76' lang='lat' dir='ltr'><strong>Nam</strong></span> <span class='ocrx_word' id='word_1_482' title='bbox 1100 4250 1159 4301; x_wconf 85' lang='lat' dir='ltr'><strong>lieet</strong></span> <span class='ocrx_word' id='word_1_483' title='bbox 1171 4253 1240 4316; x_wconf 87' lang='lat' dir='ltr'><strong>apud</strong></span> <span class='ocrx_word' id='word_1_484' title='bbox 1250 4265 1292 4300; x_wconf 89' lang='lat' dir='ltr'><strong>ne·</strong></span> 
     </span>
    </p>
   </div>
   <div class='ocr_carea' id='block_1_5' title="bbox 0 0 1382 4726">
    <p class='ocr_par' dir='ltr' id='par_1_10' title="bbox 0 0 1382 4726">
     <span class='ocr_line' id='line_1_48' title="bbox 0 0 1382 4726; baseline 0 0"><span class='ocrx_word' id='word_1_485' title='bbox 0 0 1382 4726; x_wconf 95' lang='lat' dir='ltr'><strong> </strong></span> 
     </span>
    </p>
   </div>
  </div>
 </body>
</html>
