2754 4726
165 289 228 356 304
516 299 721 350 raduanus
742 295 938 349 HISTORIAE
1046 300 1050 306 ’

164 457 200 521 in
227 464 318 521 aceto
339 451 442 519 mulso
471 463 613 528 coctum3
640 462 780 518 tenesmo
801 452 835 517 in
857 450 944 538 pulte
965 448 1124 529 medetur,
1159 460 1291 539 tempo·

128 575 131 580 ·
165 579 237 623 rum
251 552 415 621 doloribus
429 553 577 619 inlinitur
591 552 721 631 elixum,
741 563 773 619 et
787 553 912 639 pusulis
927 563 1064 632 coctum,
1079 551 1199 620 dehinc
1212 574 1292 620 cum

164 658 258 725 melle
272 657 393 735 tritum,
416 655 496 721 tussi
520 677 593 720 oum
607 653 701 741 adipe
716 663 843 720 vetusto
858 653 1025 720 decoctum
1044 652 1095 719 vel
1115 655 1291 720 eumlacte

164 768 232 837 aut,
254 759 283 824 si
300 757 433 845 sanguis
448 756 545 822 etiam
558 744 740 822 exscree’tur
761 754 812 821 vel
833 776 925 841 pura,
950 752 1009 819 sub
1031 773 1136 839 pruna
1158 764 1290 820 coctum

164 870 297 927 etcum
325 857 428 924 mellis
454 858 526 941 pari
550 855 646 923 modo
674 866 852 942 sumptum,
880 853 1055 934 convolsis,
1083 853 1190 940 ruptis
1212 876 1290 922 cum

165 961 233 1030 sale
254 970 286 1026 et
305 959 392 1036 oleo;
419 981 494 1024 nam
515 979 588 1023 oum
609 957 705 1042 adipe
727 967 866 1022 tumores
888 963 1053 1040 suspectos
1076 963 1178 1020 sanat.
1213 952 1288 1022 Ex·
1301 965 1330 1019 tt

166 1062 264 1129 trahit
289 1060 403 1126 fistulis
430 1058 510 1125 vitia
537 1079 611 1125 oum
632 1056 785 1142 sulphure
807 1066 840 1121 et
860 1056 982 1135 resina,
1011 1055 1106 1120 etiam
1130 1053 1288 1121 harundi-

164 1183 315 1230 aeacum
336 1161 425 1246 pioe3
448 1161 567 1246 lepras,
588 1158 741 1238 lichenas,
762 1157 1117 1245 lentiginesexulcerat
1131 1168 1289 1242 sanatque

165 1284 239 1329 cum
264 1261 414 1347 origano,
447 1260 499 1325 vel
521 1260 601 1325 cinis
624 1259 693 1325 eius
715 1280 755 1324 ex
777 1258 846 1323 oleo
869 1265 902 1322 et
922 1277 1002 1342 garo
1024 1257 1152 1337 inlitus,
1187 1258 1234 1324 sic
1256 1269 1290 1325 et

166 1385 273 1430 sacros
294 1360 395 1450 ignis3
419 1359 593 1449 suggillata
614 1369 722 1425 autem
744 1369 801 1424 aut
821 1357 954 1425 liventia
974 1357 1018 1423 ad
1036 1358 1176 1424 colorem
1189 1358 1288 1424 redu·-

164 1463 209 1529 cit
230 1462 423 1529 conbustum
444 1483 486 1527 ex
505 1459 611 1527 melle.
645 1456 791 1525 Credunt
813 1467 845 1523 et
864 1457 1056 1524 comitialem
1069 1459 1220 1526 morbum
1233 1481 1286 1526 sa-
1299 1475 1329 1520 56

129 1575 133 1580 ’
163 1563 246 1644 nari,
272 1562 393 1648 siquis
414 1585 452 1630 eo
473 1563 508 1637 in
529 1560 609 1628 cibis
630 1570 740 1627 utatur
768 1580 806 1625 ao
833 1559 974 1644 potione,
1004 1569 1178 1643 quartanas
1204 1582 1286 1647 quo·

164 1685 227 1748 qua
248 1674 400 1730 excutere
421 1674 532 1750 potum
554 1671 652 1746 caput
673 1683 773 1726 unum
792 1682 866 1725 cum
882 1659 1032 1745 laserpici
1046 1661 1138 1728 obolo
1156 1663 1193 1728 in
1211 1663 1287 1730 vino

164 1774 301 1829 austero.
318 1763 449 1834 Tussim
461 1764 567 1829 etalio
581 1762 676 1828 modo
690 1784 728 1826 ac
742 1770 908 1848 pectorum
924 1763 1172 1847 suppurationes
1183 1787 1286 1850 quan-

165 1863 294 1930 taslibet
315 1872 407 1929 sanat
429 1864 550 1930 fractae
571 1863 730 1930 incoctum
750 1862 844 1928 fabae
864 1873 961 1947 atque
982 1864 1028 1952 ita
1048 1864 1082 1928 in
1104 1863 1177 1931 cibo
1197 1887 1285 1931 sum-

165 1975 257 2051 ptum
278 1965 382 2032 donec
402 1966 569 2033 sanitatem
590 1965 756 2040 restituat3
777 1963 855 2029 iacit
869 1975 901 2030 et
921 1986 1049 2030 somnos
1068 1975 1165 2050 atque
1180 1965 1216 2032 in
1237 1975 1285 2033 to·

165 2077 233 2132 tum
244 2067 473 2134 rubicundiora
482 2088 627 2151 corpora.
649 2064 811 2131 Venerem
822 2085 950 2149 quoque
963 2065 1105 2130 stimulat
1117 2087 1192 2132 cum
1203 2067 1285 2134 cori-
1296 2076 1325 2125 ⁶⁷

165 2167 265 2232 andro
286 2167 382 2231 viridi
401 2167 513 2232 tritum
532 2176 706 2251 potumque
728 2187 745 2230 6
766 2187 865 2231 mero.
887 2166 979 2232 Vitia
999 2167 1068 2232 eius
1090 2177 1176 2247 eunt,
1200 2168 1286 2252 quod

165 2266 274 2330 oculos
295 2265 439 2344 hebetat,
467 2265 647 2330 inflationes
668 2265 759 2344 facit,
783 2266 981 2331 stomachum
1001 2266 1100 2332 laedit
1121 2268 1285 2354 copiosius

118 2434 128 2447 ,
166 2375 345 2452 sumptum,
368 2365 456 2430 sitim
475 2364 590 2454 gignit.
614 2363 732 2430 Cetero
754 2375 864 2430 contra
885 2366 1033 2452 pituitam
1051 2378 1083 2431 et
1103 2368 1233 2454 gallinis
1254 2378 1285 2435 et

165 2466 353 2554 gallinaceis
378 2466 510 2552 prodest
536 2467 672 2531 mixtum
700 2466 786 2532 farre
814 2467 848 2530 in
874 2465 957 2532 cibo.
991 2467 1140 2533 Iumenta
1159 2469 1284 2534 urinam

165 2567 299 2633 reddere
322 2579 420 2651 atque
442 2589 507 2632 non
529 2567 672 2653 torqueri
689 2567 828 2646 tradunt,
852 2568 879 2633 si
900 2568 974 2632 trito
991 2579 1107 2633 natura
1122 2579 1283 2656 tangatur.

207 2668 285 2736 VH.
307 2669 357 2732 24.
379 2667 541 2734 Lactucae
563 2679 676 2754 sponte
697 2667 856 2734 nascentis
871 2668 1011 2752 primum
1032 2692 1136 2755 genus
1152 2681 1202 2734 est
1216 2671 1324 2735 eiuso

166 2793 262 2855 quam
283 2770 447 2855 caprinam
468 2780 594 2846 vocant,
615 2792 679 2854 qua
700 2770 807 2854 pisces
828 2769 863 2833 in
885 2792 973 2835 mare
996 2770 1120 2836 deiecta
1140 2770 1284 2856 protinus

166 2882 322 2938 necantur
349 2871 405 2956 qui
432 2880 507 2935 sunt
533 2869 569 2934 in
593 2892 761 2956 proxumo.
795 2870 903 2937 Huius
932 2872 983 2938 lac
1009 2871 1182 2958 spissatum
1209 2893 1284 2939 mox

201 3043 315 3106 inlinitur,
328 3045 424 3109 Appul.
448 3042 575 3105 indoctum,
592 3059 616 3094 a.
640 3041 732 3104 illitum,
744 3039 787 3107 dss
808 3078 817 3095 .
833 3083 865 3096 ..
888 3051 977 3094 coctam
993 3042 1077 3094 deliine
1092 3060 1143 3094 cum
1159 3042 1228 3094 melle
1243 3043 1283 3094 tri·

169 3121 223 3172 tam,
235 3113 332 3177 Appul.
350 3119 437 3161 coctum
449 3109 502 3161 dein
518 3127 569 3161 cum
586 3108 652 3159 melle
662 3118 759 3170 coctum,
794 3145 802 3161 .
827 3120 915 3161 coctum
927 3109 1011 3160 deinde
1022 3128 1072 3162 cum
1084 3111 1151 3162 melle
1163 3113 1251 3172 tritum,
1262 3128 1283 3162 a

167 3188 254 3230 coctum
270 3195 321 3228 cum
332 3178 398 3228 melle
410 3178 497 3242 tritum,
509 3183 532 3231 d.
551 3187 638 3228 coctum
650 3195 701 3229 cum
710 3176 784 3240 melle,
796 3175 880 3228 deinde
892 3178 980 3241 tritum,
990 3175 1041 3243 βγ.
1054 3221 1086 3230 -
1104 3187 1177 3243 cetae,
1188 3181 1284 3245 Appul.

169 3287 200 3296 ..
216 3253 267 3304 aut,
279 3260 294 3294 a
306 3244 392 3307 (codd.
405 3244 475 3308 661.)
492 3255 525 3309 ut,
537 3248 561 3298 d.
575 3287 606 3296 ..
624 3254 762 3309 easmeetur,
775 3249 791 3297 d
803 3244 889 3308 (codd.
903 3245 972 3309 661.)
989 3254 1111 3308 moraturo,
1123 3263 1147 3298 a.
1165 3288 1198 3298 ...
1212 3263 1284 3312 pura,

171 3306 271 3364 oran,
290 3310 425 3375 purulenta,
437 3314 509 3363 codd.
522 3312 578 3363 661.
589 3308 619 3374 β.
638 3353 670 3363 ..
688 3321 783 3376 coetum,
800 3317 872 3365 codd.
885 3312 942 3364 Gel.
961 3320 1051 3377 potum,
1062 3317 1106 3365 ad
1125 3355 1157 3365 ..
1175 3313 1284 3377 mellae

167 3377 255 3443 (codd.
269 3375 339 3441 Gcl.)
356 3377 429 3439 melle,
441 3380 493 3429 Td.
511 3418 543 3427 ..
561 3378 686 3439 maccha,
697 3394 720 3428 a.
737 3380 931 3443 (1666661661.

202 3449 270 3511 §⁵5-
296 3442 431 3506 arundines,
447 3460 463 3494 a
478 3441 602 3509 (Appul.)
627 3442 776 3509 tyrannica,
789 3449 813 3496 d.
839 3446 966 3510 hirudines,
983 3450 1014 3500 Τ.
1035 3448 1074 3499 At
1084 3464 1108 3499 v.
1119 3450 1187 3501 Prin.
1198 3449 1283 3501 Valet.

169 3520 193 3576 3,
204 3521 246 3566 49.
265 3554 296 3562 ..
316 3509 398 3571 lionae,
409 3513 506 3576 Appul.
524 3551 557 3560 ..
582 3509 687 3576 occillet,
698 3512 794 3577 Appul.
814 3555 845 3563 -
863 3524 940 3566 cutem
952 3524 1001 3578 661,
1012 3517 1109 3581 Appul.
1130 3524 1181 3578 cut,
1193 3513 1283 3581 adssr.

170 3622 202 3632 ..
220 3579 255 3631 od
264 3579 371 3641 caturca,
382 3582 426 3630 ad.
443 3586 487 3627 aut
497 3576 602 3640 coprem,
614 3579 640 3629 A
659 3582 712 3644 pul.
732 3621 762 3629 ..
781 3584 915 3644 combustos,
928 3586 953 3633 (1.

202 3652 270 3714 ξὸθ.
288 3646 379 3708 scauri,
393 3641 508 3698 OTadr.
526 3662 622 3708 cancre,
633 3595 662 3708 pl.
681 3689 712 3697 ..
730 3647 796 3710 α’ὁὶε,
809 3651 832 3699 Τ
845 3648 968 3715 (Appul.)
985 3650 1043 3712 cibo,
1055 3645 1148 3715 adssr.
1167 3690 1193 3699 ..
1213 3667 1283 3714 quor-

169 3723 350 3779 taaoeqooque,
365 3715 530 3766 Plin.Valer.
543 3721 567 3775 3,
580 3718 604 3764 6.
622 3755 653 3764 -
680 3721 877 3778 cnumcum,ad.
903 3735 981 3780 unum,
997 3719 1094 3782 Appul.
1113 3758 1146 3767 ..
1168 3725 1283 3782 acpecto·

63 3820 71 3837 ,ι
168 3798 230 3845 rura,
241 3799 258 3833 a
272 3781 357 3846 (codd.
370 3780 440 3845 Gel.)
458 3783 547 3836 Omitt.
560 3785 588 3842 d,
606 3783 649 3846 qui
664 3791 811 3847 acceptorum
827 3787 1024 3851 suprascriptum
1039 3787 1124 3836 habet.
1142 3826 1176 3836 -
1191 3786 1284 3850 sactae,

170 3843 199 3902 θ.
216 3891 248 3901 ..
266 3849 329 3900 atos
352 3842 401 3902 Oa

203 3886 632 3983 557.stoluure,a(nppu1.)-
651 3916 733 3979 vicu,
744 3920 842 3984 Appul.
854 3960 885 3970 -
904 3919 1037 3984 etpatztna,
1049 3936 1073 3971 a.
1086 3920 1176 3972 omia.
1190 3920 1241 3989 ra
1254 3959 1284 3970 -

255 3992 271 4046 1,
283 4001 333 4035 om.
346 3988 370 4036 d.
389 4026 420 4036 ..
438 3984 554 4047 Iumenta,
566 4002 582 4035 a
594 3982 680 4047 (codd.
694 3984 763 4049 661.)
781 3985 901 4048 lumentis,
914 3990 938 4038 d.
957 4029 988 4038 ..
1006 3988 1030 4037 ai
1039 4004 1066 4037 co
1078 3988 1141 4049 trito,
1152 4003 1172 4040 r.

204 4051 272 4115 §td
298 4069 371 4117 yacus
386 4061 428 4114 eet,
443 4057 480 4104 cd
498 4051 621 4118 (Appul.)
647 4050 803 4118 cstyenuass
825 4090 831 4104 .
850 4095 880 4105 ...
909 4055 965 4116 eius,
983 4055 1143 4120 om.Appul.
1163 4095 1195 4106 ..
1220 4051 1286 4104 caule

168 4136 225 4179 vero
236 4125 266 4179 et,
279 4120 310 4170 Τ.
330 4161 360 4170 ..
378 4137 486 4185 asparso,
497 4123 594 4186 Appul.
615 4119 737 4184 adsperso,
749 4124 784 4171 ad
814 4137 839 4187 γ.
859 4161 890 4171 ..
909 4121 1003 4183 colluto,
1016 4125 1060 4174 ad.
1082 4120 1178 4182 colluto,
1190 4121 1285 4187 Appul.

49 4190 54 4199 '
166 4185 269 4253 melota,
281 4187 312 4238 Τ.
332 4228 363 4238 -
380 4188 562 4251 morutiumad.
586 4189 771 4253 macadppul.
790 4229 820 4238 ..
840 4187 1030 4254 dentir,Appul.
1049 4230 1080 4241 ..
1106 4188 1221 4255 prohibet,
1232 4190 1285 4254 Ap-

163 4260 220 4343 pul,
233 4251 366 4320 protelent,
378 4255 444 4321 adr.
