2754 4726
382 314 453 391 nm.
470 315 531 361 xrs.
562 312 640 360 car.
656 315 704 360 1v.
735 313 832 361 sacr.
850 317 929 358 mu.
1152 300 1213 363 295

95 467 163 552 poti
183 467 224 542 ad
246 479 352 531 ternos
369 466 502 551 cyathos
524 465 732 530 conminuunt
747 476 777 530 et
799 464 918 530 eiciunt
936 466 1092 543 calculos;
1116 467 1213 531 iidem

93 570 128 633 in
156 589 255 654 posca
276 567 403 634 decocti
424 577 535 634 contra
564 566 761 652 serpentium
783 587 909 634 morsus
936 565 1122 632 inlinuntur.
1157 567 1214 632 Ad
1228 585 1259 627 ar

94 668 208 733 tussim
223 667 318 734 etiam
339 691 431 733 mane
445 668 561 734 iciunis
576 666 740 753 raphanus
755 666 886 752 prodest
901 689 974 731 cum
988 668 1090 746 melle,
1106 690 1214 734 semen

93 791 203 834 eorsnn
237 779 355 834 tostum
390 769 560 855 ipsumque
594 766 883 832 conmanducatum
911 766 952 831 ad
979 768 1214 853 lagonoponon,

93 891 208 952 aquam
236 869 320 934 foliis
346 870 415 934 eius
442 868 585 935 decoctis
611 867 722 934 bibere
750 867 801 934 vel
831 889 943 934 sucum
965 867 1069 954 ipsius
1090 869 1214 954 cyathis

93 969 179 1036 binis
201 980 311 1036 contra
332 970 530 1055 phthiriasis,
553 969 740 1058 phlegmoni
761 968 851 1055 ipsos
872 968 1007 1035 inlinere
1029 980 1152 1048 tunsos,
1175 971 1214 1035 li-

93 1070 163 1135 vori
184 1091 259 1136 vero
279 1072 402 1137 recenti
424 1070 574 1138 corticem
589 1093 662 1137 cum
680 1071 784 1147 melle,
807 1069 984 1137 veternosis
999 1080 1104 1136 autem
1119 1092 1215 1154 quam

93 1171 265 1237 acerrimos
275 1157 438 1251 mandere,
447 1195 619 1257 semenque
632 1182 762 1250 tostum,
769 1171 844 1238 dein
856 1171 1027 1238 contritum
1039 1195 1112 1238 cum
1120 1172 1215 1237 inclle

94 1273 288 1358 suspiriosis.
318 1274 421 1341 iidem
443 1285 475 1340 et
496 1285 607 1339 contra
628 1295 752 1341 venena
765 1283 911 1359 prosunt,
935 1273 1068 1340 cerastis
1083 1282 1114 1337 et
1126 1293 1212 1336 scor·
1229 1287 1259 1333 as

92 1373 244 1458 pionibus
259 1375 480 1454 adversantur,
492 1431 532 1439 ..
553 1375 603 1440 vel
619 1375 693 1459 ipso
712 1374 764 1440 vel
781 1374 901 1442 semine
918 1373 1046 1440 iniectis
1066 1371 1214 1437 manibus

47 1494 49 1498 ·
91 1475 213 1560 inpune
231 1477 417 1542 tractaveris
436 1476 641 1561 inpositoque
662 1475 805 1560 raphano
820 1474 1007 1560 scorpiones
1023 1475 1213 1549 moriuntur,

37 1615 40 1617 Δ
93 1631 133 1639 ..
150 1575 303 1644 salutares
325 1588 357 1644 et
378 1587 489 1644 contra
506 1578 679 1664 fungorum
696 1586 753 1640 aut
765 1574 952 1661 hyoscyami
968 1598 1091 1642 venena
1106 1588 1213 1658 atquc,

92 1687 129 1741 ut
149 1675 311 1744 Nicander
334 1679 441 1759 tradit,
466 1687 497 1744 ct
520 1687 633 1747 contra
653 1677 843 1764 sanguinem
865 1677 948 1743 tauri
955 1704 964 1756 3
989 1687 1020 1743 et
1035 1687 1143 1743 contra
1167 1675 1213 1740 vi-

126 1851 194 1911 §25.
221 1849 327 1910 cerastis,
338 1850 405 1900 Pint.
424 1826 517 1911 ceradis,
528 1851 625 1915 Appul.
643 1849 776 1911 ceterascr's,
788 1852 859 1903 Tad.
882 1848 972 1912 Celere,
984 1852 1056 1900 codd.
1071 1847 1127 1899 Gcl.
1141 1810 1172 1907 dl
1183 1888 1212 1895 ..

91 1925 121 1977 et,
133 1917 232 1979 Appul.
251 1917 338 1967 Omitt.
351 1918 418 1967 'rad
429 1914 516 1978 (codd.
529 1915 601 1979 (tel.)
618 1956 650 1966 ..
668 1917 832 1978 adversantur,
844 1934 857 1968 ι·
869 1917 992 1981 (Appul.)
1011 1916 1161 1976 maneatur,
1176 1917 1213 1965 ad

91 1983 177 2045 (codd.
192 1982 262 2045 Gal.)
274 1979 325 2048 βγ.
345 1987 376 2034 .ss
398 1983 436 2032 vel
446 1984 504 2048 apso,
515 1986 554 2035 ad
565 1981 689 2048 (Appul.)
713 1984 772 2048 apso,
784 2001 805 2034 r.
827 2025 859 2035 ,.
883 1984 1030 2042 oneraveris,
1043 1983 1139 2046 Appul.
1164 1990 1212 2030 tra-

91 2051 177 2111 ctabis,
189 2046 283 2114 adssr.
304 2048 474 2114 nacmbtiibna
486 2067 506 2102 r.
525 2092 556 2100 ..
575 2051 734 2116 impositoque,
747 2053 784 2101 ad
796 2048 920 2116 (Appul.)
944 2050 1106 2114 impositaque,
1119 2051 1149 2100 T.
1170 2049 1212 2096 im.

89 2117 166 2181 posito
178 2117 288 2182 raphano
305 2118 471 2182 sumptoribus,
486 2133 506 2169 r.
533 2117 652 2170 Ceterum
667 2119 746 2170 verba
761 2117 799 2167 vel
814 2118 1040 2182 ipso-moriuntur
1051 2118 1212 2182 parenthesin

92 2186 212 2248 efficiunt,
225 2202 283 2236 cum
295 2188 435 2244 orationem
446 2203 463 2238 a
473 2202 536 2238 voce
546 2185 703 2237 wwsanmr
718 2190 751 2237 ad
763 2202 852 2237 vocem
864 2185 983 2236 salutares
995 2188 1099 2236 transire
1111 2186 1144 2235 sit
1155 2200 1211 2249 per·

72 2279 77 2288 ·
92 2254 219 2317 spicuum3
237 2256 383 2318 scorpiones
398 2256 531 2305 memorati
546 2254 691 2316 effecemnt,
707 2265 736 2304 ut
747 2255 813 2304 Plin.
831 2257 863 2304 de
879 2256 920 2306 his
936 2255 997 2318 ipsis
1009 2253 1123 2304 bestiolis
1136 2267 1211 2315 quac-

92 2324 149 2371 dam
162 2323 303 2372 accuratius
314 2330 415 2372 narrata
427 2323 514 2372 ceteris
525 2322 606 2373 verbis
617 2324 743 2373 insereret.
760 2363 791 2372 -
810 2330 841 2383 et,
853 2324 898 2373 ad.
916 2329 959 2382 est,
971 2322 1068 2386 Appul.
1082 2361 1113 2370 ..
1132 2329 1211 2384 atque,

92 2389 144 2438 Td.
168 2387 252 2451 adque,
263 2391 361 2453 Appul.
387 2405 468 2451 aeque,
480 2385 550 2454 assr.
575 2430 606 2438 ..
628 2387 761 2451 Nicander,
773 2405 790 2439 a
801 2386 925 2454 (Appul.)
950 2387 1093 2449 Menander,
1105 2390 1159 2439 Τὰ.
1180 2430 1209 2438 ..

92 2463 115 2504 et
127 2463 209 2504 cenna
219 2457 356 2520 sanquinem
369 2456 440 2515 tauri,
451 2456 548 2521 Appul
571 2457 660 2508 Omitt.
672 2453 765 2520 adssr.
789 2457 860 2507 Haec
871 2458 949 2507 verba
960 2471 993 2507 ex
1004 2455 1210 2518 Pseudohppu·

91 2524 142 2573 leio
159 2525 270 2586 primum
286 2539 301 2573 a
318 2539 359 2573 rue
375 2531 476 2587 recepta
491 2523 608 2587 (verbum
623 2531 723 2586 prosunt
737 2524 833 2575 illiciis
843 2525 914 2574 mala
926 2525 1129 2586 interpunctione
1140 2523 1211 2572 addi-

92 2597 145 2639 tmn
162 2592 271 2654 pertinet
286 2594 318 2640 ad
333 2591 411 2641 verba
425 2591 491 2640 infra
506 2592 637 2652 sequentia
651 2598 675 2638 et
690 2587 958 2651 lamberundolon'bns,
976 2591 1067 2653 quibus
1078 2591 1133 2654 ipse
1144 2591 1209 2640 Pliu.

91 2657 155 2707 illud
166 2653 309 2720 praemisit)
321 2658 403 2720 primo
415 2657 507 2708 obtutu
518 2658 808 2725 adulterinalvideantur,
826 2673 884 2707 cum
895 2658 1024 2708 Nicander
1038 2659 1064 2708 in
1074 2656 1135 2706 loco
1147 2659 1210 2706 clas·

91 2727 144 2776 sico
162 2728 194 2773 dc
211 2725 335 2787 sanguine
351 2725 450 2775 taurino
467 2725 572 2789 eiusque
586 2726 611 2774 vi
626 2724 745 2789 pestifera
764 2723 889 2789 (alexiph.
906 2723 1073 2786 ala-334.)
1092 2725 1159 2774 inter
1173 2739 1210 2775 re·

83 2793 177 2842 ‚media
188 2793 257 2842 illius
269 2791 359 2842 veneni
370 2792 512 2856 raphanum
523 2807 577 2842 non
588 2799 778 2844 commemoret.
800 2792 856 2843 Iam
867 2794 925 2857 quis
937 2792 1044 2843 sortasse
1054 2792 1210 2843 Nicandrum

91 2860 118 2910 in
132 2860 262 2923 deperdito
277 2861 364 2923 aliquo
378 2860 443 2910 libro
457 2863 488 2911 de
502 2861 552 2910 hac
564 2861 671 2924 raphani
684 2861 709 2910 vi
722 2862 838 2911 locutum
851 2876 906 2912 esse
919 2862 999 2920 dicat,
1023 2875 1081 2910 cum
1098 2859 1209 2910 Pseudo·

91 2927 212 2990 Appulei.
229 2929 269 2977 vel
286 2928 370 2992 potius
381 2927 458 2989 Pin,
474 2929 512 2978 uti
528 2928 580 2978 iam
595 2930 649 2979 eius
666 2930 742 2978 verba
753 2928 881 2991 leguntur,
892 2928 1037 2979 testimonio
1048 2927 1167 2977 Nicandri
1179 2928 1210 2977 de

92 2996 206 3058 raphano
221 3010 274 3045 non
290 3002 392 3058 propter
403 2995 496 3058 fungos
508 3003 554 3048 aut
563 2997 747 3060 hyoscyamum
759 2994 803 3060 (de
815 2997 907 3059 quibus
920 2996 985 3046 dixit
997 3002 1054 3047 430.
1068 2990 1148 3055 527),
1166 2998 1208 3045 scd

92 3071 194 3126 propter
210 3064 359 3125 sauguinem
375 3065 503 3113 taurirmm
517 3079 578 3114 usus
594 3064 627 3113 sit
642 3071 676 3124 et,
693 3079 751 3113 cum
769 3064 800 3114 de
816 3064 868 3113 illis
884 3064 986 3113 venenis
1003 3065 1103 3121 diceret,
1122 3064 1153 3111 dc
1164 3061 1209 3112 Ni-

92 3133 184 3180 candro
193 3128 295 3194 prorsus
306 3145 360 3180 non
368 3130 523 3193 cogitaverit.
537 3131 575 3181 At
585 3147 638 3181 non
648 3133 768 3182 credibile
776 3139 814 3180 est
822 3131 977 3182 Nicandrum
990 3131 1028 3180 bis
1040 3131 1146 3180 eandem
1157 3143 1209 3178 rem
1304 3126 1311 3137 '

92 3204 220 3258 tractasse,
231 3203 257 3248 et
269 3199 406 3258 videamus,
422 3213 509 3248 annon
521 3199 573 3248 alia
583 3201 625 3247 via
635 3200 741 3248 inveniri
753 3199 840 3262 possit,
856 3213 922 3262 quac
933 3213 950 3247 a
961 3197 1139 3261 probabilitate
1150 3212 1208 3261 pro-

91 3265 149 3328 pius
160 3266 226 3315 absit
236 3280 378 3328 vanamque
390 3266 549 3315 coniectandi
560 3266 690 3315 libidinem
701 3272 824 3315 amoveat
841 3265 911 3316 Inter
922 3266 1034 3316 remedia
1045 3264 1140 3315 scilicet
1152 3280 1209 3314 san-

92 3332 175 3394 guinis
187 3333 278 3382 taurini
290 3333 417 3384 Nicander
427 3333 541 3395 alexiph.
554 3337 612 3383 300.
625 3334 736 3382 dandum
747 3347 803 3383 esse
813 3332 850 3383 ait
860 3327 905 3382 nal
918 3328 1057 3397 σπέραδος
1067 3328 1207 3397 apendice

80 3395 155 3456 ,ἅλις
165 3397 372 3463 μεμορυγμένον
388 3395 457 3456 ὄξει.
484 3399 594 3450 Orambe
609 3414 668 3450 vero
683 3401 735 3452 sive
750 3401 860 3451 brassica
876 3403 944 3465 apud
959 3400 1061 3452 Atticos
1075 3401 1208 3465 scriptores
1225 3403 1228 3409 ’

92 3469 222 3517 communi
237 3483 284 3518 usu
298 3464 427 3532 ῥάφανος
442 3467 580 3529 dicebatur,
597 3474 622 3518 et
633 3463 762 3534 κράμβης
775 3483 868 3518 nomen
880 3469 973 3520 Atticis
984 3471 1048 3518 adeo
1060 3468 1109 3518 luit
1120 3469 1208 3519 inscii-

92 3541 155 3595 tum,
166 3543 195 3584 ut
205 3537 274 3598 apud
284 3535 491 3598 Theophrastum
502 3550 525 3584 v.
539 3549 560 3585 c.
572 3551 712 3599 numquam
722 3531 858 3601 κράμβην,
873 3539 916 3586 sed
928 3551 1027 3599 semper
1034 3532 1159 3600 ῥάφανον
1172 3536 1207 3584 lc-

91 3615 189 3664 gamus.
211 3603 310 3652 Primus
326 3604 403 3653 huius
414 3603 645 3666 reiprimariusque
657 3604 727 3654 testis
738 3611 777 3654 est
788 3604 842 3667 ipse
852 3603 1011 3663 Aristoteles,
1028 3604 1072 3665 qui
1083 3604 1206 3665 quaedam

91 3670 247 3720 animalcula
257 3671 327 3720 nasci
339 3669 375 3720 ait
390 3665 435 3718 ἐπὶ
447 3666 642 3734 τῆς-ῥαφάνου,
660 3666 692 3734 ἣν
704 3665 820 3718 καλοῦσι’
829 3685 900 3728 τινες
910 3667 1035 3735 κράμβην
1049 3668 1119 3731 (hist.
1132 3669 1206 3718 anim.

91 3737 124 3786 V.
141 3740 179 3798 17,
191 3744 215 3787 4.
232 3752 258 3801 p.
271 3742 328 3787 ale.
341 3739 379 3787 ed.
393 3734 534 3799 scancia).
557 3738 696 3801 Raphanus
708 3737 805 3790 Graece
816 3747 854 3790 est
861 3735 992 3804 ῥαφανίς,
1011 3751 1061 3800 quo
1078 3738 1109 3786 dc
1121 3737 1207 3787 discri-

91 3805 159 3854 mine
171 3811 223 3854 tam
234 3805 369 3854 Atticistae
381 3804 475 3868 aliique
486 3813 582 3855 veteres
593 3807 759 3868 grammatici,
776 3821 852 3868 quam
865 3807 910 3855 viri
923 3806 989 3854 docti
1001 3806 1152 3854 recentiores
1164 3806 1207 3854 ab·

90 3875 159 3922 unde
175 3880 281 3935 egerunt
291 3870 416 3935 (Lobeck.
428 3874 460 3921 ad
471 3868 645 3938 Phrynichaep.
661 3871 738 3936 lit).
761 3873 831 3934 Quas
847 3887 921 3922 voces
934 3873 1073 3922 simillimas
1082 3868 1209 3936 ῥάφανος

91 3945 117 3988 et
125 3935 248 4004 ῥαφανίς
257 3941 323 3990 inter
334 3955 361 3989 se
373 3939 527 4007 cpnlundere
539 3955 615 4003 quam
627 3941 704 3991 luant
715 3941 790 3991 facile
802 3949 827 3990 ct
836 3956 913 4005 quam
922 3941 1001 4002 longa
1010 3955 1122 3990 errorum
1132 3939 1208 3988 series

91 4007 150 4056 inde
163 4009 222 4058 oriri
234 4007 353 4071 potuerit,
370 4021 466 4068 omncs,
483 4011 567 4069 credo,
578 4008 731 4071 intelligent,
748 4017 773 4058 ct
784 4009 876 4060 mirum
888 4008 1003 4071 profecto
1016 4015 1089 4066 esset,
1105 4006 1126 4055 si
1139 4006 1206 4054 Piin.

91 4074 274 4126 confundendis
285 4076 430 4138 plantarum
442 4075 588 4126 nominibus
599 4085 713 4127 assuctus
725 4077 757 4126 ab
771 4077 820 4126 hcc
833 4091 915 4127 errore
927 4074 1045 4125 immunis
1054 4073 1151 4124 fuisset.
1171 4075 1207 4123 At

90 4157 143 4191 non
158 4143 215 4205 luit,
232 4145 278 4194 sed
294 4142 430 4192 brassicam
448 4151 473 4192 et
484 4143 633 4207 raphanum,
646 4139 771 4208 ῥάφανον
785 4140 969 4207 etpapaalda,
986 4142 1043 4205 plus
1055 4141 1134 4190 semel
1147 4155 1207 4189 con-

90 4209 157 4259 fudit
173 4208 294 4271 (Salmas.
311 4213 342 4259 dc
358 4210 522 4272 homonymis
538 4226 562 4273 p.
576 4217 625 4271 et,
641 4211 738 4261 Bodac.
752 4213 785 4260 ad
796 4212 927 4274 Theophr.
940 4210 998 4260 hist.
1010 4209 1090 4271 plant
1103 4223 1127 4270 p.
1142 4212 1206 4264 768,

89 4277 142 4326 Fcc
155 4281 187 4328 ad
199 4280 264 4330 Pliu.
278 4279 309 4328 T.
323 4277 384 4328 ΧΠ.
398 4290 421 4341 p.
435 4273 514 4339 329).
533 4278 591 4328 Hoc
603 4279 624 4330 si
636 4286 760 4340 tenemus,
774 4277 860 4328 Plinio
872 4279 946 4328 nimis
959 4288 1078 4340 magnam
1089 4275 1206 4325 iniuriam
