2754 4726
312 338 316 358 .
340 313 409 360 nm.
426 313 500 361 xix.
530 313 608 362 cnr.
626 316 687 363 vn.
705 316 781 364 v111.
813 316 910 365 onor.
927 319 1007 363 unu.
1167 302 1229 368 269

104 468 289 534 Nascuntur
311 475 418 532 nutem
441 467 536 533 etism
559 490 623 532 non
645 478 730 546 satu,
752 478 971 547 mentastrum,
993 478 1120 555 nepotc,
1142 469 1229 535 intu-

104 569 193 646 bum,
215 568 367 652 pulcium.
405 566 527 633 Contra
553 567 645 654 plura
666 590 788 655 genera
811 580 884 634 sunt
906 591 1016 634 corum
1038 591 1121 653 quse
1142 569 1228 635 dixi-

104 692 178 735 mus
200 669 408 752 dicemusque
424 679 456 732 ct
470 668 503 733 in
517 669 628 754 primis
643 669 726 755 cpio.
749 668 846 735 VIII.
861 668 901 732 Id
915 670 1001 734 enim
1015 670 1101 754 quod
1116 680 1228 757 sponte
1244 688 1292 733 ιιι

104 773 138 836 in
159 770 279 836 umidis
300 769 445 834 nascitur
465 768 685 834 helioselinum
707 781 855 846 vocatur,
884 792 948 835 uno
978 770 1054 836 folio
1081 793 1141 838 nsc
1161 770 1228 836 hir-

105 882 228 950 sutum,
252 892 365 936 rursus
386 870 419 934 in
442 869 536 934 siccis
557 870 810 956 hipposelinum,
832 870 981 957 pluribus
1002 870 1106 950 foliis,
1128 873 1230 939 simile

105 973 307 1050 helioselin03
344 970 474 1037 tertium
507 982 558 1036 est
588 971 799 1036 oreoselinum
834 972 957 1037 cicutae
985 971 1089 1051 foliis,
1121 975 1231 1041 radice

106 1074 206 1152 tenui,
227 1073 350 1139 semino
371 1071 473 1149 aneti,
497 1069 667 1136 minutiore
689 1080 823 1136 tantum.
855 1070 900 1136 Et
922 1071 1017 1136 sativi
1038 1083 1146 1137 autem
1167 1072 1229 1137 dif-

109 1174 265 1238 ferentiae
285 1173 318 1237 in
341 1171 417 1238 folio
439 1171 555 1248 denso,
583 1172 692 1257 crispo
714 1181 770 1236 cut
791 1171 911 1253 rariore
933 1183 966 1237 et
985 1172 1123 1250 leviore,
1151 1173 1230 1238 item

105 1274 196 1340 caule
218 1273 363 1339 tenuiore
384 1280 440 1338 aut
462 1271 637 1348 crassior03
664 1281 697 1336 et
718 1271 820 1338 caulis
834 1272 966 1339 eliorum
993 1273 1149 1339 candidus
1169 1286 1229 1352 cst,

106 1373 243 1439 aliorum
263 1393 458 1459 purpureus,
480 1371 617 1437 aliorum
638 1372 754 1437 varius.
915 1458 919 1463 .

148 1475 202 1538 38.
223 1474 387 1540 Lactucae
409 1473 529 1539 Graeci
550 1473 612 1538 triu
632 1471 737 1539 fecere
758 1494 895 1561 genera:
917 1496 1017 1542 unum
1037 1475 1094 1541 inti
1116 1476 1228 1555 caulis,
1243 1489 1291 1535 ¹2⁵

106 1573 189 1638 odeo
213 1585 250 1638 ut
276 1573 392 1640 ostiola
416 1572 543 1638 olitoris
568 1594 610 1637 ex
623 1570 683 1638 ‘his
704 1573 842 1638 factitari
864 1574 1084 1659 prodiderint3
1117 1575 1229 1642 folium

106 1673 156 1738 his
182 1674 280 1760 paulo
306 1674 411 1739 mains
437 1672 594 1739 herbaceo
615 1683 648 1738 et
668 1674 950 1760 angustissimum,
984 1686 1021 1740 ut
1048 1675 1124 1742 olibi
1151 1698 1228 1741 con-

107 1785 235 1858 sumpto
256 1775 471 1851 increment03
508 1774 644 1839 nltemm
665 1774 794 1839 rotundi
815 1775 931 1854 caulis,
961 1775 1090 1841 tertium
1117 1776 1230 1842 sessile

105 1875 192 1958 quod
206 1875 404 1941 Laconicum
419 1886 545 1940 vocant.
568 1874 636 1939 Alii
657 1875 763 1939 colore
784 1886 819 1939 ct
840 1886 983 1960 tempore
1003 1889 1093 1941 sotus
1107 1899 1230 1963 genera

107 1975 301 2052 discrevere3
330 1998 401 2043 csse
423 1975 510 2041 enim
532 1975 641 2062 nigras
662 1995 798 2059 querum
820 1996 928 2040 semen
949 1998 1058 2041 mense
1079 1975 1229 2042 Innunrio

107 2087 246 2156 seratur,
274 2076 364 2143 albas
386 2097 520 2160 quarum
542 2074 679 2152 Martio,
709 2074 854 2140 rubentis
882 2097 1017 2159 quarum
1039 2076 1163 2162 Aprili,
1196 2088 1229 2141 et

106 2178 247 2241 omnium
271 2199 382 2242 esrum
403 2176 530 2262 plantes
551 2186 624 2262 post
644 2174 738 2241 binos
759 2197 887 2242 menses
909 2175 1040 2241 differri.
1077 2175 1227 2261 Diligen-
1242 2191 1291 2236 mc

107 2277 203 2342 tiores
217 2278 310 2363 plura
329 2298 449 2365 genera
464 2275 596 2354 faciunt,
618 2297 811 2362 purpureus,
832 2276 966 2363 crispas,
989 2274 1227 2363 Cappadociss,

108 2376 263 2455 Graecas,
285 2378 441 2464 longioris
462 2377 520 2441 has
542 2375 598 2442 foli
619 2377 782 2461 caulisque
802 2377 876 2455 leti,
896 2387 1065 2462 praeterea
1084 2375 1175 2465 longi
1195 2389 1228 2442 et

106 2479 254 2571 angusti,
276 2478 382 2549 intubi
403 2476 532 2560 omilin
567 2474 741 2566 pessimum
762 2486 869 2543 autem
889 2499 993 2567 genus
1014 2499 1088 2543 cum
1109 2498 1226 2563 expro-

106 2655 199 2706 mincm
210 2664 325 2709 veterum
336 2658 384 2710 nisi
396 2656 508 2709 Plinium
519 2656 537 2709 t
549 2656 568 2707 l.
579 2654 805 2721 denominatione
820 2669 879 2707 cnm
890 2660 1030 2706 cetcrsrum
1042 2652 1144 2706 Illarum
1154 2652 1228 2719 plan

105 2732 189 2773 tarum
205 2732 261 2774 tnm
276 2734 380 2776 montes
394 2732 536 2791 spontanea
546 2724 686 2789 quidquem
698 2724 807 2784 dicotur,
824 2723 946 2787 Appnlcii
958 2731 1044 2773 tamen
1054 2723 1119 2772 illud
1130 2720 1227 2772 addita·

105 2800 220 2841 mentum
235 2793 346 2856 primum
362 2808 393 2842 es
404 2794 436 2842 de
447 2807 524 2843 censs
535 2793 579 2842 vix
590 2792 617 2842 in
629 2791 813 2843 dubitationem
824 2790 909 2840 vocari
920 2796 1017 2854 potest,
1034 2790 1094 2853 quis
1104 2789 1182 2838 verbs
1192 2788 1228 2837 ite

106 2856 253 2919 collocarit,
279 2867 309 2909 nt
328 2860 360 2909 do
379 2872 463 2909 srrorc
483 2856 574 2910 calami
595 2860 703 2923 cogitari
724 2866 846 2921 nequest,
872 2864 925 2906 turn
946 2859 1016 2921 qnod
1032 2857 1100 2920 spnd
1115 2854 1227 2906 Plinium

105 2925 231 2987 permulta
242 2927 370 2989 leguntur,
382 2941 447 2990 quse
458 2926 518 2976 dibi
529 2940 584 2976 non
594 2925 716 2985 inveniris,
725 2925 834 2988 deniqne
841 2926 911 2987 qnod
920 2925 995 2973 etism
1008 2922 1061 2973 ulio
1069 2924 1128 2972 icco
1137 2932 1228 2974 nutura

105 2999 205 3041 mentun
221 3007 279 3042 cum
296 2995 384 3043 ceteris
399 2994 494 3058 plantis
505 2994 710 3044 commemoratis
721 2991 884 3056 componitur
896 2987 950 3052 (19,
965 2987 1043 3053 166),
1060 2991 1103 3040 nbi
1114 2992 1227 3040 maximo

106 3059 170 3108 hacc
180 3061 270 3110 verbu:
288 3059 395 3125 coupm't
405 3057 516 3121 (ments)
525 3058 613 3124 puleio,
626 3058 694 3109 rmus
703 3066 793 3108 nutura
803 3056 829 3105 ιἰι
840 3055 959 3106 mariti
969 3056 1120 3120 reflorescens
1130 3056 1228 3120 caepim

105 3123 169 3174 dicta
179 3133 222 3187 est,
234 3126 356 3192 Appuleii
368 3127 505 3177 lectionem
516 3128 676 3177 confirmant.
695 3166 727 3175 -
745 3131 832 3188 nepotc,
845 3125 907 3173 scd.
931 3131 1006 3186 nepte,
1019 3124 1115 3189 Appni.
1134 3130 1226 3187 nepem,

104 3187 154 3256 βγ.
175 3231 205 3242 -
233 3190 323 3308 &utra
335 3191 409 3257 plura
423 3208 525 3258 ponera,
541 3194 606 3243 hacc
621 3200 723 3257 sumptu
738 3198 798 3242 sunt
808 3205 842 3240 ex
853 3190 986 3255 Theophr.
998 3191 1057 3242 hist.
1072 3191 1152 3256 pient
1164 3190 1225 3241 vn.

106 3267 128 3321 t,
143 3265 166 3309 6.
186 3301 217 3310 ..
283 3276 300 3309 α
316 3259 347 3322 io,
358 3276 379 3310 r.

137 3329 230 3389 §124-
260 3278 387 3387 ldpenim,
409 3327 582 3390 Theophrsst
599 3324 653 3376 l.l.
675 3320 737 3375 m
756 3330 784 3385 6,
800 3329 824 3375 6.
847 3365 878 3375 -
910 3338 969 3375 roro
980 3324 1046 3388 solio
1065 3322 1225 3389 sorticulo,

104 3394 170 3444 Pius
188 3435 220 3446 ,,
245 3393 362 3458 plentur,
379 3410 431 3445 cm.
447 3394 516 3445 Pint.
536 3430 567 3442 -
592 3390 680 3442 semiue
695 3390 788 3457 cystim,
805 3392 893 3443 Dslcc.
912 3432 943 3441 ..
966 3390 1003 3441 Et
1017 3391 1091 3442 sotici
1105 3400 1190 3454 amem,
1208 3392 1225 3443 d

104 3457 192 3520 (codd.
205 3460 276 3522 (iel.)
298 3461 335 3510 Et
344 3461 425 3510 saliva
436 3469 521 3522 autern,
533 3474 575 3510 uc.
595 3458 645 3509 Est
654 3466 731 3508 onum
742 3458 821 3520 mcvi,
832 3475 852 3509 r.
870 3500 902 3509 -
921 3457 1078 3523 differentius,
1090 3462 1126 3511 cd
1137 3460 1225 3523 (codd.

104 3526 174 3583 Gel.)
200 3526 350 3593 dfferenria,
367 3544 406 3578 ar.
425 3569 456 3578 ..
484 3522 578 3588 nome,
594 3528 658 3578 scri.
685 3523 776 3584 Ictim,
792 3526 865 3577 Brot.
881 3522 1058 3591 sx'l'iicophr.
1072 3522 1224 3590 histpisnt

104 3594 165 3643 VII
179 3601 202 3653 4,
215 3600 238 3645 6.
257 3590 290 3644 τὰ
303 3592 334 3644 δὲ
347 3591 419 3661 (ἔχει
431 3589 547 3660 φύλλον)
553 3590 711 3657 paudum
723 3587 769 3641 καὶ
780 3587 957 3659 πλαιύτερον,
968 3588 1068 3642 καυλὸν
1080 3590 1112 3641 δὲ
1127 3590 1223 3654 μείζω.

137 3663 223 3725 5125.
240 3661 364 3712 Lactucac
379 3662 475 3723 Gmecs',
490 3662 566 3711 'l'itso
584 3662 623 3711 irr.
635 3662 654 3710 i.
666 3661 684 3710 l.
696 3658 757 3710 VII.
769 3666 794 3718 4,
806 3666 830 3711 3.
849 3701 880 3710 -
898 3658 991 3722 minio,
1003 3661 1039 3710 cd
1050 3659 1120 3723 (libri
1133 3661 1225 3724 optimi

103 3742 143 3792 sp.
155 3728 265 3780 Salmas.
277 3744 361 3780 exerc.
372 3744 398 3795 p.
411 3734 468 3780 696.
480 3722 556 3790 uF.)
630 3726 637 3739 '
694 3729 767 3777 codd.
780 3726 892 3789 Barbari,
904 3723 934 3789 β.
952 3724 1082 3788 ursicine.
1100 3740 1224 3789 urceum.

103 3795 157 3844 τῶν
172 3792 206 3843 δὲ
221 3792 354 3846 πλατειῶν
370 3792 443 3846 οὕτω
459 3792 535 3854 τινὲς
546 3788 726 3846 πλατύκαυλοι
741 3790 889 3859 γίγνονται,
906 3783 973 3843 ὥστ’
991 3789 1084 3852 ἐνίους
1097 3789 1166 3859 φασὶ
1177 3790 1223 3843 sul

103 3858 205 3926 θύραις
211 3861 333 3929 χρῆσθαι
345 3861 520 3930 metumtot-f,
532 3862 665 3927 Theophr.
676 3861 694 3912 i.
705 3861 724 3911 l.
735 3860 798 3912 VIL
810 3868 835 3919 4,
848 3867 871 3911 6.
890 3900 922 3910 ..
940 3859 981 3921 uir,
993 3874 1015 3911 c.
1033 3901 1065 3910 -
1083 3868 1110 3910 nt
1120 3860 1185 3922 aisti,
1196 3864 1223 3912 d.

104 3928 205 3990 naun,
216 3945 259 3981 ac.
277 3971 308 3980 -
327 3930 474 3993 nutrimento,
485 3930 519 3982 K.
537 3970 569 3980 -
587 3929 741 3989 mentum,
752 3942 794 3978 sc.
816 3926 958 3989 Locorrt'm,
969 3930 994 3978 d.
1016 3925 1160 3987 laconicus,
1171 3923 1223 3992 βγ.

105 4036 135 4045 -
154 3995 238 4058 colon,
250 4000 324 4047 codd.
338 3999 394 4050 (ici.
412 3994 504 4060 mirri,
515 3998 580 4047 scd.
598 4038 629 4047 ..
649 4004 757 4060 tempore,
768 3994 911 4046 conduci.
929 3995 1034 4059 compost}
1046 4010 1088 4045 nc.
1106 3995 1224 4059 timpum,

104 4065 128 4113 d.
148 4105 179 4112 -
197 4073 231 4125 αι,
243 4082 262 4114 r.
282 4106 313 4115 ..
332 4064 360 4114 dr·
379 4063 623 4134 animoddsfmi,
634 4064 714 4114 Hand.
726 4063 810 4122 tacite,
821 4076 847 4126 r.

137 4134 153 4193 ς
171 4138 228 4182 mc.
257 4129 308 4196 cap
358 4132 430 4192 ocur,
446 4133 500 4182 Tc
527 4127 703 4195 σφραὼιίω,
720 4146 743 4181 a.
771 4126 961 4193 cappadocum,
980 4122 1028 4178 θι.
1056 4125 1223 4193 damonem,

105 4202 176 4248 codd.
189 4199 245 4250 oet.
257 4196 307 4263 βγ.
327 4241 357 4248 -
382 4196 493 4261 lcnpion'c
503 4196 549 4246 los
559 4197 648 4261 lau'qrsc
658 4194 746 4257 cautu,
760 4195 951 4262 pruetcrcofnlr‘i
961 4194 1032 4260 Inopi,
1043 4197 1076 4247 K.
1097 4195 1222 4259 Lonm'm

105 4263 213 4328 trifolio
223 4265 485 4330 malmundariu-
503 4264 599 4326 suun,
610 4265 674 4314 scd.
688 4303 719 4313 -
736 4261 829 4325 sterili,
840 4264 865 4314 d
882 4261 979 4325 simila,
989 4278 1047 4314 scr.
