2754 4726
118 298 161 360 44
466 309 671 358 nsrnnsnts
693 307 888 356 mesonma

118 463 232 529 insulis
257 461 457 528 fluitantrbus
484 472 606 538 natam,
634 461 721 526 illam
742 459 776 524 in
797 458 876 544 ripis
899 457 1109 543 exspatiantis
1129 458 1241 534 lacus3

119 563 213 629 tertia
240 573 289 628 est
309 561 460 628 ,harundo
487 560 606 625 tibialis
634 560 746 626 calami
773 580 870 642 quem
891 557 1048 622 auleticon
1069 556 1242 635 dicebant;

118 686 202 731 nono
232 663 285 729 hie
313 684 398 728 anno
429 661 631 727 nascebatur.
668 658 753 730 Nam
780 670 813 725 et
837 660 926 725 lacus
954 658 1151 723 incrementa
1178 657 1242 724 hoc
1257 675 1304 720 tes

119 764 271 851 temporis
294 763 397 849 spatio
420 761 583 838 servabat,
609 759 831 847 prodigiosus,
853 757 1031 842 siquando
1053 758 1241 844 amplitudi-

118 887 192 930 nem
205 863 334 930 biennio
350 861 555 937 extendisset,
577 859 664 944 quod
684 870 831 924 notatum
851 858 938 946 apud
954 855 1166 924 Chaeroniam
1185 858 1240 924 in-

117 967 222 1031 fausto
233 962 480 1029 Atheniensium
501 971 534 1027 et
556 983 667 1046 saepe3
690 959 836 1025 Lebaida
857 969 991 1025 venatur
1010 959 1164 1026 influente
1171 958 1241 1025 Oe·

118 1066 219 1153 phiso.
252 1063 337 1130 (lum
364 1063 466 1151 igitur
491 1083 574 1126 anno
599 1060 776 1147 permansit
796 1059 980 1138 inundatio,
1013 1061 1185 1146 proliciunt
1204 1062 1241 1126 in

118 1165 359 1251 aucupatoriam
390 1184 517 1247 quoque
555 1161 823 1248 amplitudinem:
850 1161 1048 1227 vocabantur
1079 1162 1239 1248 zeugitae.

120 1264 244 1333 Contra
263 1264 471 1350 bombyciae,
492 1262 648 1328 maturius
669 1263 850 1348 reciproco,
873 1262 1026 1349 graciles,
1048 1263 1241 1334 feminarum
1255 1279 1304 1326 tto

117 1367 230 1433 latiore
251 1366 328 1433 solio
349 1375 443 1450 atque
465 1363 665 1441 candidiore,
697 1363 824 1428 modica
848 1363 1001 1450 lanugine
1029 1373 1085 1428 aut
1110 1365 1242 1430 omnino

117 1469 206 1535 nulla
227 1467 405 1553 spadonum
425 1466 553 1531 nomine
580 1464 772 1552 insignibus.
808 1463 898 1529 Hinc
923 1474 1014 1529 erant
1041 1477 1241 1530 armamenta

118 1567 160 1633 ad
185 1567 327 1634 inclusos
354 1576 482 1645 cantus,
515 1587 580 1630 non
607 1565 729 1630 silendo
755 1574 788 1630 et
809 1564 933 1649 reliquo
955 1587 1051 1631 curae
1072 1565 1239 1645 miraculo,

117 1678 154 1733 ut
175 1668 270 1734 venia
292 1668 333 1734 sit
354 1677 487 1755 argento
508 1666 573 1730 iam
593 1666 703 1750 potius
726 1665 807 1730 cani.
830 1663 932 1731 Caedi
954 1665 1099 1732 solebant
1113 1676 1240 1753 tempe-

119 1767 220 1835 stivae
241 1789 343 1852 usque
364 1767 405 1831 ad
426 1764 658 1851 Antigenidem
679 1764 858 1845 tibicinem,
882 1789 956 1832 cum
976 1766 1081 1832 adhuc
1103 1767 1242 1854 simplici

117 1870 242 1935 musica
262 1877 445 1945 uterentur,
469 1867 530 1932 sub
551 1877 696 1944 arctur03
725 1867 771 1932 sic
791 1878 1002 1952 praeparatae
1023 1866 1144 1951 aliquot
1163 1879 1243 1953 post

118 1992 219 2038 annos
240 1969 336 2036 utiles
358 1991 430 2035 esse
451 1967 659 2054 incipiebant.
681 1967 775 2033 Tunc
796 1989 924 2052 quoque
945 1969 1047 2033 multa
1061 1968 1240 2034 domandae
1254 1985 1300 2032 171

119 2071 345 2136 exercitatione
367 2080 400 2136 et
421 2092 535 2135 canere
563 2067 659 2132 tibiae
685 2068 776 2154 ipsas
805 2068 1003 2147 edocendae,
1035 2070 1240 2155 conprimen-

120 2171 206 2237 tibus
228 2193 263 2236 se
283 2170 426 2258 lingulis,
448 2168 535 2253 quod
557 2179 625 2233 erat
645 2168 708 2234 illis
730 2170 924 2235 theatrorum
944 2168 1087 2234 moribus
1107 2168 1240 2245 utilius;

120 2281 290 2357 postquam
323 2270 460 2335 varietas
493 2269 630 2334 accessit
661 2280 692 2334 et
724 2280 837 2335 cantus
869 2292 997 2354 quoque
1027 2270 1240 2350 luxuriantes,

121 2371 212 2437 caedi
234 2381 307 2437 ante
329 2370 464 2436 solstitia
485 2380 615 2455 coeptae
638 2379 671 2434 et
690 2370 760 2435 lieri
786 2371 882 2436 utiles
907 2369 941 2434 in
969 2370 1113 2449 trimatu,
1142 2392 1241 2455 aper-

120 2472 254 2538 tioribus
276 2494 387 2538 earum
407 2471 538 2559 lingulis
560 2470 602 2534 ad
622 2468 797 2537 flectendos
820 2493 932 2549 sonos,
959 2493 1042 2555 quae
1066 2470 1143 2536 inde
1164 2481 1243 2534 sunt

121 2581 153 2638 et
173 2572 277 2637 hodie.
312 2569 380 2637 Sed
406 2583 476 2636 tum
496 2594 537 2637 ex
559 2593 617 2636 sua
637 2592 797 2655 quamque
818 2581 941 2636 tantum
961 2570 1139 2637 harundine
1161 2592 1241 2636 eon·
1257 2587 1308 2635 rra

145 2779 325 2844 flammatibus,
336 2796 359 2830 a.
370 2820 401 2831 ..
412 2787 483 2829 natas
492 2779 605 2842 illaaad.
617 2787 709 2840 namra,
714 2797 734 2830 r.
745 2819 776 2829 ..
786 2787 821 2827 est
829 2777 1026 2840 barnndo,'l¹ad.
1038 2775 1130 2827 arundo
1139 2772 1209 2838 erist
1212 2790 1242 2839 r.

153 2847 168 2908 ἓ
183 2855 239 2899 los.
257 2848 438 2909 Atheniensium,
448 2849 565 2897 TD¹ad.
582 2846 760 2896 Atheniensium
765 2845 867 2908 praelio,
876 2843 947 2908 Dlss.
960 2887 992 2898 ..
1005 2841 1244 2909 etcaepe3Lebaida

120 2923 225 2976 vocatur,
238 2917 312 2966 Tad.
336 2924 371 2965 eat
386 2931 444 2980 aepe
454 2913 568 2964 Letoida
579 2922 683 2973 vocatur,
700 2915 801 2963 Thnan.
811 2929 851 2977 ap.
865 2914 972 2964 Salmas.
986 2927 1067 2962 exerc.
1080 2928 1105 2976 p.
1119 2919 1158 2962 82.
1171 2913 1197 2961 b.
1208 2913 1241 2962 F.

120 2990 143 3030 et
154 2982 221 3046 apud
230 2982 364 3033 Lebadiam
375 2999 446 3048 saepe
458 2989 560 3042 notatur,
571 2978 601 3042 β.
623 2982 667 3032 Uti
679 2982 743 3029 haec
755 2981 876 3044 scriptura
888 2983 974 3044 inepta
986 2989 1031 3040 est,
1043 2981 1079 3029 ita
1090 2995 1143 3029 non
1155 2978 1243 3030 minus

120 3050 206 3112 inepta
217 3066 255 3111 ea,
272 3067 348 3115 qnam
360 3067 375 3099 a
387 3066 427 3101 me
439 3058 563 3101 servatam
576 3064 609 3098 ex
621 3049 751 3098 codicibus
762 3049 870 3097 restituit
881 3049 960 3098 Hard.
973 3058 998 3097 et
1010 3048 1135 3098 subtiliter
1153 3046 1243 3096 deien-

121 3117 170 3178 dit3
188 3125 302 3166 monstra
313 3120 376 3167 haec
387 3126 454 3168 reete
466 3120 527 3168 dicit
539 3117 685 3168 Schneider.
701 3117 734 3166 ad
746 3116 876 3178 Theophr.
889 3117 919 3165 T.
932 3115 981 3164 III.
992 3131 1017 3179 p.
1030 3121 1088 3165 att.
1106 3114 1162 3164 Iam
1172 3115 1243 3165 Plin.

120 3184 148 3232 h.
165 3183 182 3231 l.
200 3186 325 3247 excerpsit
336 3186 543 3247 Theophrastum
560 3185 618 3235 hist.
636 3185 714 3247 plant.
726 3182 774 3232 IV.
788 3188 828 3242 ll,
841 3189 864 3232 8.
882 3179 981 3246 φύεται
997 3179 1029 3230 δὲ
1046 3178 1174 3238 πλεῖστος
1187 3177 1242 3242 μὲν

122 3245 267 3311 (κάλαμος)
277 3247 386 3363 fiatad&
404 3251 453 3298 τοῦ
469 3246 596 3330 Κηφισοῦ
612 3247 657 3298 καλ
670 3249 719 3299 τοῦ
731 3244 869 3307 Μέλανος·
882 3245 964 3306 οὗτος
974 3247 1006 3297 δὲ
1020 3247 1035 3296 b
1048 3245 1131 3306 τόπος
1140 3263 1242 3312 apota-

121 3312 264 3380 γορεύετοι
302 3312 434 3364 ελεκανία.
448 3356 479 3365 ..
491 3316 615 3379 retemtas
627 3314 660 3364 δὲ
672 3313 717 3364 καὶ
729 3312 761 3364 οὔ
774 3317 791 3381 ἡ
804 3311 945 3434 llpqpiurs'a
958 3312 1109 3381 καλουμένη
1122 3312 1243 3380 καταφέ-

118 3398 197 3447 ρεται
209 3398 215 3411 ·
228 3382 308 3431 τοῦτο
320 3373 343 3430 d'
358 3377 415 3430 ἔστι
427 3379 550 3442 ποταμὸς
557 3380 630 3446 ῥέων
641 3382 672 3431 ἐκ
681 3378 829 3442 Λεβαδίας.
874 3380 1039 3440 άλλιοτοςδὲ
1049 3380 1243 3432 construeres

121 3447 245 3515 γίνεσθαι
262 3465 295 3498 πε
316 3445 324 3495 l
341 3447 389 3514 τὴν
401 3439 507 3505 ’θξεῖον
524 3444 691 3516 καλουμένην
704 3444 818 3516 Καμπήν
830 3467 836 3480 ·
847 3449 862 3498 b
875 3447 907 3498 δὲ
920 3447 1004 3507 τόπος
1014 3446 1096 3506 οὗτός
1107 3449 1181 3498 ἐστιν
1195 3449 1243 3510 ἐμ·

121 3513 192 3582 βολὴ
207 3516 256 3565 τοῦ
268 3465 313 3566 Ka
313 3514 404 3581 φισοῦ.
424 3557 456 3564 -
474 3510 658 3596 Πρόσβοβρος
667 3514 700 3565 δὲ
712 3514 795 3575 τόπος
807 3511 891 3573 ἄλλος
907 3520 956 3582 τῆς
966 3533 995 3567 τε
1006 3509 1115 3573 ’θξείας
1126 3510 1190 3577 Καμ
1214 3519 1247 3574 ’ς

123 3583 205 3645 ἐστιν,
220 3579 250 3631 ὃν
263 3533 374 3632 καλοῦσι
387 3577 537 3649 Βοηδρίαν·
550 3581 672 3647 paradas
685 3582 718 3633 δέ
730 3600 797 3649 φασι
813 3580 857 3633 καὶ
873 3582 942 3634 κατὰ
963 3581 1063 3651 ταύτην
1081 3581 1178 3648 εὐγενῆ
1191 3532 1244 3632 7idn

122 3647 250 3711 κάλαμον.
278 3651 348 3701 Inter
365 3652 496 3714 tetigitur
511 3652 616 3700 uomina
627 3653 749 3713 locorum,
766 3654 810 3702 ubi
826 3654 937 3703 calamus
948 3654 1074 3717 provenit,
1085 3653 1151 3702 Plin.
1163 3667 1247 3702 unum

123 3719 262 3768 alterumve
277 3721 327 3776 vel,
345 3718 414 3781 quod
430 3719 493 3766 mihi
509 3720 663 3782 probabilius
676 3729 721 3781 est,
737 3721 812 3784 plura
824 3721 947 3783 elegerat;
968 3736 1028 3770 nam
1046 3735 1078 3769 ex
1096 3721 1150 3768 eius
1161 3721 1246 3770 verbis

123 3800 190 3834 nunc
202 3789 279 3834 modo
292 3786 413 3849 reliquiae
424 3795 565 3849 supersunt,
578 3787 653 3850 idque
671 3789 824 3838 Salmasium
835 3789 973 3837 rectissime
981 3788 1139 3851 perspexisse
1151 3787 1246 3847 indico,

123 3852 151 3900 in
161 3852 250 3903 litteris
260 3868 292 3915 pe
304 3850 400 3900 lebaida
410 3853 489 3903 latere
500 3869 593 3903 nomen
605 3853 748 3916 Peleeant'a3
761 3856 822 3918 qnid
833 3869 893 3904 vero
906 3856 933 3903 in
943 3855 1034 3905 litteris
1045 3862 1068 3902 et
1074 3870 1117 3902 sne
1125 3856 1159 3904 sit
1167 3869 1246 3918 quae·

124 3921 239 3980 rendum,
251 3935 327 3970 nemo
340 3934 409 3968 nunc
420 3935 563 3970 asseverare
580 3923 695 3984 audebit;
713 3923 786 3985 plura
796 3923 912 3971 videntur
923 3923 1056 3972 interiisse.
1079 3962 1111 3971 ..
1136 3919 1246 3985 Gbepno,

124 4000 147 4035 a.
167 4025 198 4036 ...
213 3985 379 4049 permanserit,
391 4004 410 4036 r.
429 4028 460 4036 -
479 3987 673 4051 ucicapatoriam‚
686 4006 709 4038 a.
727 4029 759 4039 ..
778 3995 963 4049 stromatum.

159 4057 244 4118 §tto
271 4052 480 4117 insipnes,Dalec.
500 4096 531 4104 -
551 4055 707 4118 tempestivae,
723 4049 793 4105 θοὰ.
816 4055 955 4116 tempestive,
966 4052 996 4117 β.
1016 4096 1047 4106 ..
1070 4054 1247 4119 Antiqens'dem,

126 4113 225 4171 otras.
243 4119 392 4184 Antiqenem,
403 4116 432 4182 β.

160 4190 246 4253 5171.
273 4186 400 4249 domanda,
413 4205 436 4238 a.
454 4231 485 4239 -
510 4205 595 4238 canore
608 4190 701 4238 tibiaci
715 4206 749 4252 so,
761 4191 793 4240 K.
817 4231 849 4238 -
871 4187 1009 4252 edocendae,
1021 4208 1041 4241 r.
1068 4188 1209 4251 educendae,
1222 4206 1246 4242 a.

126 4253 272 4319 educandae,
284 4256 316 4305 K.
337 4253 461 4320 docendae,
475 4259 490 4306 d
503 4254 588 4317 (codd.
602 4255 672 4319 Gal.)
709 4272 734 4322 γ.
754 4299 784 4308 -
804 4255 908 4322 linqalis,
919 4260 986 4308 Bod.
998 4261 1031 4308 ad
1043 4260 1173 4323 Theophr.
1186 4259 1246 4310 hist
