2754 4726
392 298 463 347 arn.
478 300 539 347 xx.
569 299 647 348 aar.
664 300 739 349 mu.
767 299 865 349 sucu.
880 302 962 346 ssa.
1169 287 1232 351 327

113 446 184 514 voci
199 468 275 514 suco
290 447 350 514 sub
373 450 546 516 certamine
568 449 656 534 utilia
678 449 855 529 dumtaxat,
876 450 932 534 qui
954 461 987 517 et
1007 452 1232 540 gargarizatur

112 570 177 614 uva
205 556 348 614 tumente
374 549 501 616 adiecta
525 560 599 616 ruta
625 560 659 616 et
686 550 854 616 coriandro
880 572 921 617 ex
946 550 1040 619 lactc.
1077 552 1178 627 Utilis
1200 565 1232 620 et

111 658 223 716 contra
250 648 393 717 tonsillas
423 671 496 715 omn
521 649 676 728 alumine,
708 649 838 738 linguae
866 671 1000 736 asperae
1028 673 1102 718 cum
1128 653 1232 731 melle,

110 760 144 816 et
166 749 317 816 convolsa
337 750 424 815 intus
445 772 504 835 per
525 749 731 834 sevitiisque
745 750 921 837 pulmonis;
951 750 1113 839 singultus
1127 764 1160 820 et
1174 776 1232 821 vo-

109 849 260 915 mitiones
282 849 368 915 sistit
389 872 464 916 cum
490 872 566 916 succ
594 852 741 944 granati,
770 863 807 919 ut
833 851 1039 917 Democritus
1065 864 1232 920 monstrat.

109 949 260 1016 Recentis
283 972 381 1017 sucus
402 951 528 1017 uarium
549 951 628 1018 vitia
650 951 766 1037 spiritu
788 951 966 1019 subductus
981 954 1139 1034 emendat,
1160 955 1233 1042 ipsa
1248 971 1296 1019 rto

111 1050 187 1115 trita
219 1050 380 1130 choleras,
413 1051 448 1115 in
473 1061 564 1117 aceto
592 1051 723 1135 quidem
749 1063 842 1138 pota,
872 1052 1039 1138 sanguinis
1065 1052 1233 1120 fluctiones

108 1150 213 1228 intus,
234 1150 332 1216 ileum
354 1151 449 1217 etiam
470 1152 612 1236 inposita
632 1173 706 1218 cum
727 1152 857 1237 polenta
878 1162 911 1221 et
931 1153 960 1217 si
981 1175 1138 1218 mammae
1161 1163 1232 1220 ten·

109 1250 238 1317 dantur.
260 1251 410 1318 Inlinitur
432 1263 464 1321 et
486 1251 684 1337 temporibus
705 1252 740 1318 in
762 1252 879 1337 capitis
900 1253 1020 1332 dolore,
1042 1253 1178 1325 sumitur
1199 1265 1233 1322 et

109 1362 222 1418 contra
249 1346 476 1437 scolopendras
502 1362 535 1420 et
564 1352 750 1438 scorpiones
776 1353 918 1420 marinos
941 1364 974 1420 et
995 1354 1038 1419 ad
1059 1355 1230 1441 serpentis3

107 1452 271 1538 epiphoris
302 1453 447 1519 inlinitur
475 1463 508 1519 et
536 1452 684 1520 omnibus
705 1454 740 1517 in
761 1454 865 1540 capite
887 1454 1125 1539 eruptionibus,
1154 1455 1232 1522 item

108 1553 195 1619 sedis
223 1554 319 1622 vitiis.
348 1554 574 1643 Intertrigines
600 1577 747 1641 queque,
782 1554 835 1620 vel
864 1554 892 1620 si
920 1565 1067 1620 teneatur
1095 1563 1231 1630 tantum,
1246 1577 1291 1622 151

108 1653 272 1739 prohibet3
295 1654 428 1723 auribus
449 1655 623 1722 instillatur
645 1678 720 1721 cum
740 1654 855 1721 mulso.
888 1654 992 1724 Aiunt
1013 1664 1045 1720 et
1065 1654 1141 1720 lieni
1161 1677 1230 1720 me-

105 1755 177 1819 deri
199 1778 270 1820 cam
290 1757 326 1820 iu
346 1756 438 1822 horto
460 1765 625 1842 gustatam
645 1755 691 1820 ita
705 1755 907 1835 novellatur,
930 1755 958 1821 si
972 1755 1001 1821 is
1015 1755 1072 1839 qui
1086 1754 1232 1820 mordeat

106 1855 197 1920 dicat
217 1878 252 1921 se
273 1856 350 1921 lieni
370 1856 509 1934 mederi,
536 1879 597 1941 per
623 1856 694 1922 dics
715 1879 769 1935 113
804 1857 913 1926 aridae
941 1879 1070 1942 quoque
1095 1856 1231 1921 farinam

106 1954 211 2020 tribus
238 1955 348 2041 digitis
375 1955 610 2042 adprehensam
639 1968 672 2022 et
700 1957 856 2023 stomachi
883 1958 1025 2025 dolorem
1057 1956 1170 2023 sedare
1196 1956 1231 2021 in

104 2075 191 2138 aqua
205 2066 238 2121 et
258 2056 403 2123 similiter
422 2057 610 2143 adspersam
623 2057 746 2143 potioni
760 2057 881 2124 ventris
894 2057 1044 2123 animalia
1057 2058 1229 2143 expellere.

149 2157 200 2221 54.
222 2156 348 2246 Magna
370 2157 507 2224 societas
528 2180 602 2224 cum
623 2158 683 2226 hac
704 2158 747 2227 ad
761 2159 953 2225 recreandos
968 2157 1108 2223 defectos
1123 2155 1293 2225 animosas

105 2257 229 2342 puleio,
259 2281 332 2324 cum
355 2259 492 2326 surculis
513 2258 581 2325 suis
602 2259 638 2325 in
658 2260 819 2346 ampullas
839 2261 957 2326 vitreas
979 2259 1061 2325 aceti
1083 2259 1229 2344 utrisque

104 2357 256 2436 deiectis3
279 2383 344 2444 qua
365 2361 405 2426 de
427 2383 526 2428 causa
545 2359 674 2446 dignior
688 2361 828 2445 apuleio
843 2383 961 2427 corona
975 2360 1117 2428 Varroni
1131 2381 1228 2444 quam

103 2479 125 2524 e
146 2480 220 2525 rosa
241 2460 399 2527 cubiculis
420 2461 540 2527 nostris
562 2460 768 2544 pronuntiata
789 2471 848 2527 est.
873 2460 958 2527 Nam
979 2459 1146 2545 etcapitis
1168 2459 1227 2527 do·

104 2557 190 2624 lores
216 2560 356 2647 inposita
384 2561 502 2627 dicitur
526 2561 649 2638 lavare;
685 2561 764 2644 quin
792 2570 825 2626 et
846 2561 986 2627 olefactu
1007 2559 1115 2646 capita
1142 2559 1225 2626 tueri

104 2712 183 2759 quam
195 2699 226 2746 de
238 2700 435 2762 medicamentis,
447 2703 491 2750 sed
499 2704 643 2749 constanter
651 2702 682 2750 ds
693 2699 796 2749 medicis
806 2699 909 2750 dicatur.
927 2699 959 2748 Iu
968 2700 1061 2749 talibus
1070 2700 1092 2749 ai
1101 2700 1162 2762 quid
1171 2707 1227 2750 ten·

105 2771 159 2814 tare
176 2765 244 2825 licet,
261 2768 420 2819 scribendum
435 2768 499 2819 mihi
510 2767 620 2818 videtum
636 2766 742 2830 impetus.
759 2764 824 2816 Dal
828 2765 840 2816 i
843 2783 878 2816 on
889 2774 914 2817 st
924 2766 1026 2816 mmmm
1037 2765 1122 2816 valvae
1133 2765 1233 2815 aravit

104 2829 149 2879 iila
166 2838 194 2878 et
208 2831 335 2882 iocinerum
349 2834 416 2884 sitia
441 2836 540 2886 Dalion
554 2835 600 2884 ille
612 2835 724 2886 medicus
736 2834 768 2884 ab
779 2835 836 2898 ipso
848 2836 935 2886 Plinio
948 2835 975 2885 in
985 2836 1068 2885 indice
1080 2834 1156 2885 huius
1166 2834 1227 2884 libri

104 2899 170 2948 inter
185 2908 301 2951 auctores
316 2904 475 2965 nominatur,
491 2910 517 2954 et
533 2918 592 2953 cum
603 2903 630 2951 in
642 2905 698 2955 aad.
710 2902 857 2965 ascriptum
868 2903 902 2954 sit
913 2901 1119 2965 impemsirats'ons,
1135 2902 1227 2952 ultima

105 2965 191 3014 littera
203 2982 215 3013 s
227 2976 283 3017 orta
295 2977 333 3019 est
344 2985 377 3019 ex
389 2972 504 3033 sequenti
516 2971 610 3033 copula
621 2977 651 3031 et,
662 2970 747 3020 littera
757 2986 770 3018 s
781 2971 848 3019 male
859 2987 876 3020 a
887 2986 933 3020 sua
944 2983 1006 3019 vocs
1017 2969 1117 3020 divulsa
1128 2969 1227 3020 transiit

69 3086 71 3090 ,
105 3034 139 3081 ad
150 3047 258 3095 sequeus
269 3051 370 3098 nomen,
383 3038 455 3088 cuins
466 3039 549 3101 prima
557 3037 642 3088 littera
653 3035 671 3085 d
680 3052 742 3087 casu
753 3046 792 3087 est
803 3045 901 3088 mutata
911 3037 939 3088 in
951 3035 986 3099 ir;
1002 3037 1034 3086 de
1046 3034 1055 3084 l
1065 3043 1091 3090 et
1102 3044 1112 3085 t
1122 3038 1188 3087 inter
1199 3051 1227 3086 ae

105 3100 219 3150 confusis
236 3102 325 3153 litteris
342 3119 395 3154 non
407 3112 452 3165 est,
469 3106 539 3169 qnod
555 3105 698 3170 loquamur.
722 3103 839 3169 copulae
850 3119 910 3155 vero
922 3111 946 3152 et
956 3104 983 3153 in
993 3098 1016 3164 β
1027 3111 1140 3153 servatae
1151 3104 1226 3153 vesti

104 3167 175 3230 glum
187 3177 271 3219 exstat
282 3172 309 3220 in
320 3174 377 3222 cod.
389 3188 412 3233 a,
424 3173 468 3222 ubi
479 3169 518 3232 itti
530 3172 630 3236 legitur.
644 3211 677 3221 ...
693 3169 773 3232 malta,
786 3174 810 3222 d.
822 3212 854 3222 ..
871 3169 1061 3233 anacreontium
1073 3171 1115 3219 hic
1127 3170 1226 3221 dativus

104 3248 163 3283 cum
171 3250 224 3284 non
232 3237 332 3300 habeat,
341 3241 409 3289 unde
419 3242 535 3303 pendeat,
547 3240 686 3289 cerdssima
696 3239 873 3289 emendations
883 3240 1021 3303 legendum
1033 3252 1136 3289 censeo:
1148 3235 1227 3300 datis,-

105 3299 201 3350 datavit
215 3302 270 3352 itam
281 3307 326 3356 rel.
349 3307 464 3357 Verbum
475 3306 552 3371 paulo
564 3306 652 3366 rarius,
668 3306 738 3370 quod
748 3320 834 3357 rursus
845 3308 871 3357 in
883 3322 910 3358 rs
922 3308 1020 3357 medica
1032 3307 1147 3357 adhibuit
1157 3306 1225 3356 Plin.

105 3375 146 3430 25,
165 3375 204 3420 58.
231 3370 356 3422 memnon
373 3374 441 3423 binas
455 3390 501 3422 noa
516 3371 619 3438 amplias
634 3370 761 3423 machmas
778 3372 880 3438 dotavit,
897 3374 1072 3427 oblitteratum
1082 3383 1120 3425 eet
1131 3375 1226 3424 vicinia

105 3444 131 3487 et
141 3440 312 3500 praecedentis
324 3449 350 3492 et
361 3442 489 3504 sequentis
500 3441 579 3492 vocis.
596 3439 724 3504 Serapion,
735 3441 816 3492 Hard.
834 3483 866 3492 ..
884 3441 1010 3506 capitibus,
1022 3442 1054 3491 T.

139 3507 153 3567 ξ
168 3510 224 3554 149.
249 3523 312 3568 saco,
324 3508 399 3557 Tad.
416 3524 506 3569 macas,
517 3503 568 3571 βγ.
587 3548 619 3557 ..
637 3506 704 3557 utilis
715 3509 757 3557 sab
768 3509 903 3571 certamine,
915 3510 968 3561 Td.
981 3550 1013 3558 ..
1029 3506 1225 3574 parparidiatar,

108 3563 137 3619 θ.
157 3612 188 3620 -
212 3580 235 3620 et
245 3573 365 3636 convulsa,
381 3576 427 3625 sd
450 3572 486 3623 ad
493 3574 612 3636 canoniea,
624 3570 646 3635 β
644 3589 675 3689 ἔ
696 3575 763 3626 Huic
773 3577 834 3626 voci
842 3575 953 3626 convulsa
964 3578 1062 3628 addunt
1071 3590 1163 3625 vocem
1174 3575 1225 3623 aas

104 3639 150 3687 ad.
169 3680 201 3688 ..
219 3648 242 3688 et
253 3641 395 3704 vomitiones,
408 3659 431 3692 a.
448 3649 475 3690 at
485 3641 629 3703 vomitiones,
671 3643 694 3692 d.

138 3704 154 3766 ξ
168 3712 224 3757 150.
250 3707 372 3772 optritae
384 3706 468 3772 (codd.
481 3706 552 3771 (iel.)
568 3707 675 3772 spirinse,
688 3709 712 3759 d.
731 3747 763 3758 ..
784 3707 919 3773 subductas,
930 3712 967 3763 ad
978 3707 1064 3772 (codd.
1077 3705 1147 3770 Gal.)
1169 3709 1225 3757 sat·

104 3770 183 3834 doato,
194 3776 227 3824 Κ.
247 3817 278 3825 ..
296 3777 377 3838 etiam,
389 3794 411 3828 a.
430 3778 528 3840 qao'qae,
539 3778 562 3827 d
582 3816 614 3825 ..
632 3773 752 3840 epiphoris
764 3773 856 3838 linitur,
872 3770 901 3825 θ.

138 3843 154 3904 ξ
168 3846 224 3892 151.
251 3843 382 3893 instilletur
393 3860 444 3893 eum
455 3842 537 3905 malso,
549 3844 593 3893 ad.
611 3857 663 3891 cum
674 3840 749 3891 malso
760 3841 899 3904 instillatam,
910 3839 961 3906 βγ.
980 3883 1012 3892 ..
1030 3840 1085 3905 lien,
1098 3845 1122 3894 d.
1142 3884 1173 3892 ..
1191 3841 1224 3903 in,

105 3909 187 3958 omitt.
200 3911 245 3959 ad.
264 3951 296 3960 ..
314 3910 434 3974 evellatur,
447 3915 470 3963 d.
489 3952 521 3960 ..
531 3911 643 3977 farinas,
655 3926 679 3959 a.
696 3910 837 3980 Exeat-ipsit
848 3911 913 3959 haec
923 3910 991 3961 Plin.
1003 3908 1090 3960 Valsr.
1103 3915 1128 3968 4,
1141 3916 1181 3960 28.
1192 3950 1223 3959 ..

103 3973 194 4037 sedari,
204 3978 228 4027 d.
241 4018 273 4026 ..
286 3978 310 4027 in
322 3995 378 4042 qna,
388 3981 412 4030 d.
426 4020 458 4028 ..
474 3977 613 4044 msam
622 3975 724 4042 podoni,
734 3978 771 4027 ita
782 3991 830 4027 nos
841 3977 994 4042 scripsimus.
1011 3992 1113 4041 ameria
1120 3975 1224 4041 potions,

104 4042 136 4091 T.
154 4059 243 4106 aspera
250 4046 354 4109 potione,
366 4048 411 4097 ad.
429 4062 512 4111 aspere
520 4047 624 4111 potione,
636 4040 666 4095 θ.
683 4059 806 4108 aspersam
814 4042 840 4093 in
845 4043 972 4108 potionem,
983 4039 1036 4109 βγ.

138 4108 154 4170 §
169 4115 225 4161 152.
252 4110 353 4176 desectos
363 4111 452 4176 animo,
463 4130 486 4166 a.
504 4113 609 4179 <lassam
621 4111 703 4176 animi,
715 4114 740 4162 d.
755 4110 835 4161 animi
843 4109 957 4176 desectas,
968 4113 1000 4164 T.
1017 4113 1058 4162 Dc
1068 4127 1132 4173 res.
1146 4112 1222 4164 Dios-

102 4183 185 4227 cor.³
206 4185 247 4230 30.
267 4220 298 4230 -
316 4180 374 4239 sais,
386 4195 438 4232 orn.
449 4182 482 4233 K.
502 4181 711 4245 „cuiusquam
729 4220 762 4231 ..
780 4181 940 4242 aorono,Td
959 4187 1050 4244 rantra,
1061 4196 1085 4232 a.
1104 4220 1136 4232 ..
1160 4179 1223 4230 Var-

104 4260 167 4308 roni,
179 4215 257 4298 de.
276 4246 374 4310 varani,
385 4263 408 4299 a.
426 4249 546 4314 sertipim',
558 4245 587 4312 β.
607 4289 639 4299 ..
656 4264 721 4312 rosa,
736 4239 836 4301 suaa
853 4243 984 4313 rosiassy.
