2754 4726
116 310 181 375 412
470 321 674 370 asrnnsnrs
696 319 892 368 msroman

161 473 280 539 XXV.
313 473 364 539 96.
399 471 627 556 Helichrysum
648 471 703 536 alii
724 468 990 555 chrysanthemon
1012 479 1140 532 vocant.
1172 466 1278 563 lla-ns

118 576 222 641 mulos
242 575 341 641 habet
362 573 528 651 candidos,
549 571 626 638 folia
647 569 827 650 subalbida,
849 568 1027 635 habrotono
1048 567 1176 647 similia,
1197 568 1236 634 ad

118 675 195 742 solis
216 696 440 760 repercussum
461 694 578 739 aureae
597 672 677 738 lucis
698 672 733 737 in
753 671 863 737 orbern
884 669 984 736 veluti
998 666 1163 754 corymbis
1183 669 1236 734 de·

118 775 333 863 pendentibus
353 773 410 859 qni
431 786 605 856 numquam
625 782 843 851 marcescunt,
877 793 941 856 qna
968 771 1009 837 dc
1035 791 1136 835 causa
1162 770 1237 836 deos

119 885 271 941 coronant
298 875 369 952 illo,
398 874 486 959 qnod
511 872 755 958 diligentissime
782 871 924 937 servavit
942 870 1150 936 Ptolemaeus
1171 869 1236 936 Ae·

118 977 213 1065 gypti
234 998 301 1042 rex.
334 973 490 1040 Nascitur
510 973 544 1037 in
565 973 730 1050 frutectis3
759 973 821 1038 ciet
841 971 952 1038 urinas
972 994 991 1036 e
1013 970 1091 1036 vino
1111 980 1189 1057 pota
1208 980 1238 1036 et
1250 991 1281 1038 iss

118 1097 262 1154 menses,
290 1073 427 1140 duritias
454 1085 486 1139 et
512 1072 777 1139 inflammationes
805 1071 952 1151 discutit,
983 1071 1142 1136 ambustis
1167 1092 1238 1137 cum

118 1175 212 1240 melle
232 1175 405 1262 inponitur.
436 1171 569 1239 Contra·
581 1174 780 1258 serpentium
800 1173 884 1237 ictus
905 1182 938 1237 et
958 1171 1144 1236 lumborum
1163 1171 1239 1236 vitia

117 1274 256 1353 bibitur3
292 1274 483 1360 sanguinem
516 1282 700 1339 concretum
726 1273 848 1339 ventris
874 1282 931 1337 aut
951 1272 1079 1337 vesicae
1101 1270 1239 1337 absumit

119 1398 191 1442 cum
212 1377 324 1440 mulso.
349 1373 444 1438 Folia
465 1373 536 1439 eius
556 1372 632 1437 trita
653 1373 749 1438 trium
771 1371 936 1438 obolorum
956 1371 1102 1456 pondere
1124 1371 1238 1437 sistunt

118 1475 276 1563 profluvia
303 1474 472 1540 mulierum
498 1474 533 1538 in
560 1473 636 1539 vino
661 1472 746 1540 albo.
780 1472 893 1538 Vestis
918 1481 1028 1538 tuetur
1051 1470 1153 1537 odore
1176 1493 1237 1537 non

118 1576 301 1663 ineleganti.
991 1577 994 1583 '

161 1676 295 1744 XXVI.
317 1679 368 1742 97.
402 1675 608 1761 Hyacinthus
628 1675 664 1739 in
686 1671 794 1739 Gallia
814 1694 963 1738 maxume
983 1672 1151 1759 provenit3
1179 1672 1238 1738 hoc
1251 1691 1285 1739 ιιι

119 1777 164 1842 ibi
186 1777 260 1841 fuco
281 1775 457 1862 hysginum
479 1775 646 1864 tinguitur.
668 1774 776 1839 Radix
791 1785 840 1839 est
853 1774 1017 1853 bulbacea,
1038 1773 1239 1862 mangonicis

119 1875 284 1942 venaliciis
304 1875 439 1962 pulchre
460 1886 551 1955 nota,
578 1897 661 1960 qnae
682 1898 701 1941 e
722 1874 798 1940 vino
820 1874 906 1941 dulci
927 1874 1019 1939 inlita
1038 1873 1238 1960 pubertatem

120 1986 247 2044 coercet
267 1985 300 2042 et
319 1999 385 2042 non
406 1978 527 2063 patitur
548 1996 725 2061 erumpere.
761 1974 969 2040 Terminibns
995 1984 1029 2040 et
1049 1996 1240 2040 araneorum

120 2076 280 2143 morsibus
300 2077 435 2154 resistit,
457 2077 584 2141 urinam
604 2077 745 2163 inpellit3
779 2087 891 2140 contra
918 2075 1076 2160 sementis
1098 2086 1133 2141 et
1153 2097 1239 2141 scor·

119 2178 234 2263 piones
248 2177 460 2260 morbumque
474 2177 600 2264 regium
622 2198 731 2242 semen
752 2176 821 2242 eius
842 2197 915 2240 cum
935 2174 1116 2242 habrotono
1136 2174 1239 2241 datur.

163 2278 212 2341 98.
249 2274 393 2360 Lychnis
419 2298 547 2361 quoque
581 2277 729 2342 flammea
753 2277 809 2342 illa
835 2276 992 2342 adversus
1019 2277 1181 2364 serpentis
1208 2288 1240 2343 et
1253 2289 1298 2341 ιτ

121 2376 304 2462 scorpiones
337 2387 370 2441 et
401 2376 570 2442 crabrones
603 2378 782 2462 similiaque
813 2377 936 2443 bibitur
963 2399 981 2442 e
1010 2377 1087 2443 vino
1119 2372 1239 2443 semine

121 2478 203 2543 trito.
238 2474 405 2542 Silvestris
433 2476 545 2543 eadem
573 2477 734 2544 stomacho
762 2478 901 2555 inutilis3
934 2479 1038 2545 alvom
1062 2479 1172 2557 solvit,
1198 2479 1239 2543 ad

119 2577 347 2643 detrahendam
368 2577 466 2643 bilem
487 2577 712 2643 efficacissima
729 2577 855 2644 duabus
870 2578 1039 2658 drachmis,
1062 2579 1238 2666 scorpioni-

118 2678 179 2744 bus
209 2690 273 2744 tam
298 2678 457 2743 contraria
483 2689 519 2744 ut
546 2679 674 2743 omnino
701 2679 771 2744 visa
793 2702 832 2744 ea
853 2689 1047 2765 torpescant.
1084 2679 1240 2746 Radicem

152 2852 237 2912 §loa
263 2849 350 2902 Helico
379 2866 438 2911 snm,
458 2844 506 2901 Od.
533 2849 711 2916 Elyobrysscm‚
727 2854 758 2903 R.
784 2851 977 2917 Helycbryssnm‚
989 2854 1022 2903 V.
1048 2851 1240 2916 Heliocbrysron,

118 2912 197 2982 Τβγ.
222 2959 253 2966 -
280 2916 335 2978 atii,
378 2919 492 2968 RVTd.
520 2917 650 2982 condedi,
668 2914 718 2985 βγ.
742 2961 772 2969 -
800 2918 1001 2984 chrysanthemon,
1018 2921 1133 2970 Dioscor.
1153 2925 1178 2981 4,
1198 2924 1239 2970 ⁵⁷.

117 2983 286 3050 chrysendeta,
306 2979 414 3035 OV'I'd.
444 2985 594 3050 chrysanton,
611 2986 642 3034 R.
671 3028 702 3036 ..
732 2986 849 3051 corymbis
865 2985 900 3035 nd
914 2985 972 3035 solra
987 2984 1241 3050 repraesentaturi

118 3068 206 3102 ocreae
218 3051 277 3102 lacis
289 3053 313 3101 in
325 3055 401 3102 orbem
414 3051 598 3116 dependentibus,
610 3054 643 3101 K
662 3094 692 3102 -
711 3069 806 3115 aureae,
818 3055 873 3104 Vd.
892 3052 970 3116 culae,
982 3055 1014 3104 R.
1029 3095 1059 3103 -
1077 3051 1239 3114 Ptolomaeus,

118 3121 152 3172 V.
171 3162 202 3171 ..
221 3120 326 3186 Aeyypti
336 3137 387 3181 rea,
399 3122 483 3172 RVd.
501 3135 544 3169 rec
555 3119 668 3184 Aeyypti,
679 3115 731 3184 βγ.

152 3192 236 3252 5169.
255 3188 339 3247 acino,
352 3189 406 3240 Vd.
431 3188 491 3249 cino,
503 3191 534 3239 R.
554 3230 584 3237 -
603 3203 694 3248 messes,
707 3189 738 3238 R.
759 3229 789 3236 ..
807 3188 928 3248 ambustis,
939 3188 1071 3252 Theophr.
1086 3188 1147 3238 hist.
1159 3188 1238 3252 plant.

36 3283 39 3289 ·
117 3257 165 3305 IX.
180 3261 219 3314 19,
231 3261 255 3304 3.
275 3295 306 3304 ..
324 3255 462 3317 orcanae,
474 3257 563 3305 Dalec.
584 3297 614 3304 -
633 3254 711 3317 Folia,
723 3256 814 3306 RVT.
833 3255 909 3317 Folio,
925 3249 975 3305 Od.
995 3297 1026 3305 -
1045 3255 1111 3317 trita,
1124 3257 1157 3306 Τ.
1176 3254 1238 3315 trito,

118 3324 142 3371 d.
156 3316 346 3382 Οιιι1111111β.
366 3360 396 3370 ..
415 3320 478 3380 albo,
491 3336 542 3369 om.
556 3324 593 3370 d'.

152 3385 167 3447 b
181 3391 238 3437 170.
259 3386 343 3438 Gallio
354 3386 462 3445 maxime,
478 3379 588 3438 OVTd.
615 3388 722 3441 Galliam
734 3390 814 3448 emme,
827 3391 857 3440 R.
885 3389 970 3442 Galba
981 3390 1075 3451 ommis,
1090 3391 1198 3442 Barbas.
1209 3386 1238 3451 β.

118 3453 238 3505 Ceterum
255 3469 278 3502 v.
291 3455 407 3503 Dioscor.
426 3459 449 3511 4,
463 3460 503 3503 63.
523 3495 553 3504 ..
573 3456 642 3518 saco,
659 3456 772 3507 Gronov.
789 3461 820 3507 ad
837 3465 932 3519 21,11.
959 3452 1174 3519 loccstRV'l'd.
1192 3475 1238 3522 pro

117 3537 192 3580 cocco,
209 3520 314 3570 Barbar.
326 3515 355 3580 β.
379 3519 441 3571 Alia
455 3522 547 3572 volunt
561 3524 650 3573 Dalec.
670 3530 696 3572 ct
707 3523 814 3574 Salmas.
826 3540 908 3574 exerc.
925 3542 950 3589 p.
964 3529 1020 3575 193.
1032 3540 1056 3574 a.
1069 3525 1099 3576 C.
1120 3568 1150 3576 -
1170 3526 1238 3592 byci-

118 3605 180 3648 num,
193 3589 246 3638 Td.
265 3628 296 3637 ..
316 3585 409 3650 linquit,
421 3589 451 3638 R.
471 3587 568 3653 linqunt,
583 3592 685 3654 VTdr.
706 3632 736 3640 ..
755 3592 899 3657 mcnqonicis
911 3590 1029 3650 venuleius,
1041 3591 1076 3641 V.
1094 3594 1239 3658 manconicis

118 3653 245 3714 anaticis,
257 3648 334 3718 Ββγ.
362 3655 473 3718 manycnr'
482 3656 532 3704 auis
550 3656 675 3718 venalitisis,
688 3659 741 3710 Td.
768 3659 890 3723 nunyonr'c
907 3659 958 3708 aba
969 3657 1078 3720 ucnclici,
1096 3671 1169 3711 vetus
1182 3663 1238 3711 cod.

118 3738 159 3787 ap.
172 3721 279 3773 Salmas.
306 3719 620 3785 manconitlrusnclitiorcnn
635 3727 668 3775 K.
695 3726 847 3791 mcnycnibua
862 3726 988 3787 venalitiis,
1005 3725 1114 3778 Salmas.
1135 3769 1165 3779 -
1190 3728 1238 3777 uri·

118 3804 181 3848 nam,
193 3790 256 3838 RV.
275 3787 409 3849 clurinum,
422 3792 446 3839 d.
465 3831 494 3839 -
514 3793 669 3855 morbumque,
681 3794 737 3843 Vd.
755 3795 937 3858 morborumque,
953 3787 1011 3844 UR.

152 3858 167 3920 ς
181 3860 236 3906 171.
263 3854 352 3905 Contra
368 3853 465 3920 lycbnr's,
481 3860 565 3909 RVd.
589 3861 744 3910 Aduerbium
761 3869 844 3910 contra
859 3877 873 3911 e
889 3863 1058 3925 superioribus
1070 3864 1139 3912 male
1151 3872 1190 3913 est
1201 3879 1237 3914 re·

118 3925 232 3988 petitum.
253 3964 284 3972 ..
307 3931 330 3971 et
344 3924 477 3988 scorpiones
492 3934 514 3974 et
529 3927 663 3988 crabrones,
675 3929 729 3978 vd.
757 3937 779 3977 et
793 3928 926 3993 scorpiones
940 3937 963 3978 et
972 3929 1107 3991 scabrones,
1118 3932 1149 3982 R.
1175 3946 1237 3980 scor-

116 3990 352 4108 pssomnesgacgptbaonea
363 3987 413 4108 βγὶ.
433 4035 463 4042 -
483 3993 808 4113 εἱυῇιῖο,ὓᾨίοεοοι.33,1ὲὲ4.
832 3995 888 4057 cini,
904 3996 936 4047 R.
955 3995 1006 4069 lini,
1021 3989 1097 4114 Μὰ
1106 3997 1178 4063 Nihil
1190 3999 1237 4048 ho·

122 4118 260 4177 sarra.
279 4076 462 4190 α’ᾱωῖβῖυῗῃ
471 4063 1237 4192 iiiaif'iiinbna‘.{sibfi‘ff”hiabn'.‘sb'5t

119 4208 169 4244 om.
182 4187 211 4243 θ.
228 4233 253 4241 -
275 4193 374 4257 Asiana
387 4198 417 4247 R.
432 4236 461 4245 ..
481 4193 573 4255 boliten,
586 4195 610 4244 d.
628 4193 722 4256 volitcn,
731 4198 763 4246 V.
782 4196 916 4261 boliten-R.
931 4240 961 4249 -
980 4197 1127 4265 abducta,
1138 4200 1234 4250 RV'd.

117 4260 227 4327 ollipato,
240 4262 266 4311 V
274 4258 340 4326 ²137.
361 4304 389 4312 -
411 4261 483 4324 oculo,
496 4262 576 4312 omitt.
589 4261 641 4312 Td.
