2754 4726
139 294 201 360 252
494 303 698 352 usrunams
721 301 915 350 msromsa

182 463 233 527 21.
254 459 294 525 In
315 458 416 524 hortis
435 457 635 522 nascentium
649 454 711 520 alia
724 453 823 520 bulbo
838 451 1099 529 conmendantur,
1122 451 1185 516 alia
1204 473 1266 529 ca·
1282 470 1311 516 si

138 563 223 651 pite,
256 560 319 626 alia
343 557 446 636 caule,
482 556 545 622 alia
568 556 661 633 folio,
689 555 753 619 alia
774 565 928 638 utroque,
959 553 1022 618 alia
1042 552 1178 631 semine,
1202 552 1269 618 alia

138 661 275 740 cortice,
305 660 368 726 alia
389 669 478 735 cute,
506 657 569 722 alia
598 655 800 742 cartilagine,
830 655 893 720 alia
915 676 1025 730 carne,
1055 652 1118 719 alia
1146 652 1267 720 tunicis

139 762 291 828 carnosis.
1288 748 1291 753 ¹

181 864 232 928 22.
255 863 402 928 Aliorum
423 859 546 925 fructus
567 858 600 922 iu
623 868 708 923 terra
724 868 784 936 est,
807 857 941 922 aliorum
957 865 989 921 et
1004 865 1106 932 extra,
1129 855 1265 920 aliorum

137 985 202 1029 non
224 963 286 1028 nisi
314 972 415 1027 extra.
454 957 623 1040 Quaedam
645 958 750 1022 iacent
771 967 996 1041 crescuntque,
1019 967 1055 1020 ut
1077 955 1266 1022 cucurbitae

139 1068 171 1131 et
192 1063 334 1129 cucumis
342 1086 351 1139 ;
375 1060 487 1126 eadem
507 1058 660 1146 pendent,
683 1079 876 1142 quamquam
891 1057 1039 1144 graviora
1054 1056 1152 1122 multo
1167 1056 1265 1121 ctiam

138 1165 179 1229 iis
202 1185 284 1248 quae
306 1163 338 1225 in
360 1159 530 1227 arboribus
551 1160 744 1248 gignuntur3
774 1158 830 1224 sed
852 1159 997 1225 cucumis
1024 1156 1210 1246 cartilagine
1231 1167 1287 1221 et·

140 1286 236 1332 carne
257 1272 400 1338 constat,
429 1261 596 1326 cucurbita
623 1260 738 1326 cortice
761 1270 791 1325 et
819 1259 1006 1345 cartilagine
1013 1284 1022 1337 3
1057 1269 1167 1324 cortex
1187 1256 1266 1323 huic

138 1364 196 1430 uni
218 1362 402 1428 maturitate
429 1362 542 1426 transit
563 1362 596 1426 in
617 1353 759 1450 lignum.
790 1361 893 1426 Terra
922 1361 1104 1426 conduntur
1129 1359 1310 1446 raphaniae

139 1464 280 1552 napique
302 1474 334 1531 et
355 1485 448 1549 rapa,
477 1474 573 1546 atque
595 1462 658 1528 alio
679 1463 773 1529 modo
795 1463 917 1540 inulae,
947 1463 1045 1539 siser,
1067 1462 1263 1547 pastinacae.

142 1564 312 1648 Quaedam
324 1563 511 1630 vocabimus
524 1564 698 1643 ferulacea,
721 1575 757 1628 ut
779 1563 942 1641 anethum,
964 1563 1102 1638 malvss3
1126 1584 1265 1647 namque

141 1666 270 1732 tradunt
298 1675 445 1730 auctores
475 1666 509 1730 in
540 1664 662 1729 Arabia
690 1663 812 1729 malvas
834 1674 981 1749 septumo
1002 1686 1113 1729 mense
1134 1662 1264 1729 arborc-

143 1788 232 1833 scere
253 1765 441 1831 baculorum
463 1787 589 1850 quoque
616 1786 710 1829 usum
732 1764 926 1850 praebentis.
961 1764 1118 1851 Exemplo
1140 1774 1191 1829 est
1211 1787 1264 1828 ar·
1278 1782 1308 1826 sa

141 1867 201 1933 bor
221 1866 326 1931 malva
346 1867 380 1931 in
402 1864 606 1931 Mauretania
627 1865 705 1930 Lixi
726 1865 837 1952 oppidi
859 1866 1029 1944 aestuario,
1054 1864 1110 1931 ubi
1133 1865 1264 1951 Hespe-

141 1953 248 2035 ridum
279 1967 365 2033 horti
397 1968 497 2033 fuisse
529 1967 708 2052 produntur
740 1989 777 2032 cc
810 1990 897 2054 pass.
931 1966 972 2032 ab
1006 1984 1141 2046 oceano,
1175 1966 1266 2031 iuxta

142 2067 312 2134 delubrum
334 2068 487 2134 Herculis
509 2068 674 2153 antiquius
697 2065 870 2147 Gaditano,
893 2080 929 2133 ut
951 2069 1076 2143 ferunt3
1099 2067 1171 2154 ipsa
1192 2068 1265 2133 alti-

143 2170 263 2233 tudinis
295 2170 416 2255 pcdum
447 2192 511 2244 xx,
544 2168 764 2234 crassitudinis
796 2190 892 2253 quam
925 2167 1145 2254 circumplecti
1172 2190 1272 2233 nemo

142 2269 255 2353 possit.
287 2268 327 2333 In
350 2268 445 2334 simili
470 2290 589 2357 genere
610 2269 781 2336 habebitur
801 2281 834 2335 et
856 2271 1019 2336 cannabis.
1055 2268 1127 2334 Nec
1148 2292 1213 2334 non
1234 2279 1266 2334 et
1299 2349 1303 2357 ³

143 2391 278 2434 carnosa
299 2369 406 2453 aliqua
427 2368 671 2456 appellabimus,
694 2381 731 2435 ut
752 2392 912 2458 spongeas
926 2370 1086 2437 inumore
1101 2381 1265 2456 pratorum

177 2559 193 2619 ξ
206 2564 247 2609 61.
273 2559 325 2608 alia
337 2559 518 2611 cortice-ullu
528 2577 612 2624 curna3
624 2564 689 2613 hacc
700 2579 739 2611 vv.
749 2563 883 2626 paululum
892 2564 992 2612 inverso
1001 2562 1089 2612 ordina
1097 2563 1134 2612 ita
1142 2563 1265 2612 exhibent

144 2629 214 2677 aad:
231 2625 284 2675 alia
299 2627 448 2692 cartibrqiue.
474 2628 536 2678 Alia
551 2645 639 2678 carnea
656 2639 761 2693 utroque.
788 2629 849 2678 Alia
865 2629 949 2679 cortice
964 2637 1007 2678 aut
1018 2637 1070 2677 cute
1081 2637 1104 2677 et
1115 2628 1263 2693 cartilaqt'ne.

144 2696 248 2745 Retinui
259 2711 319 2745 vcro
332 2698 470 2759 vulgatam,
483 2699 549 2760 quia,
562 2697 598 2746 uti
610 2713 685 2748 voces
697 2713 786 2746 carnea
797 2705 895 2761 utroque
908 2699 1008 2758 docent,
1021 2713 1127 2761 quarum
1140 2698 1265 2761 posterior

144 2779 177 2813 ex
193 2764 363 2827 superioribus
380 2765 447 2813 male
463 2766 569 2828 repetita
580 2774 626 2824 est,
639 2768 703 2815 haec
714 2766 877 2829 transpositio
889 2765 998 2814 librariis
1012 2766 1096 2814 deberi
1108 2766 1214 2814 videtur.
1232 2805 1262 2813 ..

144 2828 245 2879 aliorum
258 2839 422 2891 atcumque.
447 2830 547 2879 aliorum
560 2839 637 2893 extra,
650 2834 674 2881 d.
698 2833 755 2884 Om.
768 2849 787 2882 r.
806 2873 837 2881 -
863 2831 991 2892 cucurrita,
1004 2833 1100 2896 Appul.
1114 2847 1138 2895 p.
1152 2836 1209 2883 275.
1234 2872 1263 2880 ..

144 2896 191 2957 bis,
208 2899 252 2946 ad.
277 2937 308 2946 ..
334 2896 377 2945 secl
388 2899 489 2946 cucumis
501 2897 772 2963 curabamus-cortice
783 2907 806 2948 et
817 2897 965 2962 curtibpiue,
982 2900 1079 2964 Appul.
1105 2897 1149 2946 sed
1164 2897 1265 2947 cucumis

144 2963 293 3027 cartilupt'ne,
306 2961 419 3029 acdssr.
438 2965 524 3016 Placet
534 2966 635 3015 cucumis
647 2965 795 3030 curtilaqine,
807 2968 840 3018 Κ.
862 2967 957 3025 Verba,
969 2967 1006 3015 uti
1018 2967 1096 3028 vulgo
1109 2968 1264 3029 legebantur,

145 3047 203 3081 cum
215 3033 305 3081 vitiosa
317 3048 371 3082 esse
383 3042 532 3096 agnosceret
541 3034 660 3084 Schneid.
670 3036 702 3083 ad
712 3034 842 3097 Theophr.
854 3035 885 3083 de
895 3050 962 3083 caus.
973 3035 1052 3098 plant.
1062 3034 1083 3082 I.
1096 3040 1135 3094 10,
1144 3040 1168 3083 t.
1181 3049 1206 3098 p.
1216 3039 1265 3092 41,

145 3108 245 3163 arrepta
261 3101 414 3164 interpolata
431 3104 554 3166 scriptura
565 3103 591 3151 Κ
606 3103 633 3151 in
649 3103 811 3166 sequentibus
827 3102 931 3164 corrigit
945 3097 1029 3150 Cortex
1045 3101 1179 3149 cucurbitae
1190 3108 1265 3149 matu·

145 3165 218 3214 ritate
229 3167 293 3226 rell,
306 3183 371 3230 quae
383 3169 433 3216 iam
446 3171 533 3218 omnia
545 3184 596 3218 non
608 3169 756 3219 necessaria.

180 3232 194 3292 ξ
208 3238 248 3280 62.
275 3233 407 3295 capiatque,
420 3237 464 3283 cd.
484 3277 514 3284 -
534 3244 605 3298 atque
616 3236 664 3285 alic
676 3236 751 3299 modo,
765 3251 852 3286 omues
865 3237 938 3286 codd.
951 3244 977 3285 et
987 3236 1109 3300 Appulci.
1132 3235 1183 3287 Sed
1194 3236 1265 3286 Brct.

146 3299 244 3349 Patavii
256 3301 426 3349 coniecturam
439 3317 517 3364 caepe,
530 3301 591 3350 allia
603 3304 719 3366 praefert.
740 3344 770 3352 -
789 3303 930 3364 vocabimus,
943 3305 1024 3353 omitt.
1037 3303 1134 3368 Appul.
1153 3344 1185 3352 ..
1208 3300 1266 3350 mal·

147 3365 306 3428 oae,Appul.
330 3407 359 3414 -
390 3366 523 3415 baculorum
535 3384 632 3429 quoque,
650 3372 686 3419 ita
701 3386 748 3419 nos
760 3372 912 3435 scripsimus.
940 3369 1125 3433 baculorumque,
1144 3362 1266 3420 Toacd.

147 3430 334 3494 baculorumque,
344 3433 440 3496 Appul.
460 3432 603 3492 baculorum,
613 3430 642 3494 β.
657 3476 687 3483 ,.
698 3438 844 3499 praebentes,
854 3440 879 3488 K
889 3436 1013 3502 (Appul.)
1023 3439 1145 3501 praebere,
1155 3440 1209 3487 acd
1215 3432 1265 3501 βγ.

180 3502 194 3564 5
208 3506 248 3568 63.
267 3498 378 3562 exemplo,
388 3501 452 3550 aad.
471 3499 591 3563 euuruplo,
600 3502 705 3551 Barbar.
718 3510 769 3566 etr
778 3504 844 3553 hanc
855 3521 944 3555 vocem
954 3521 1011 3555 cum
1019 3502 1041 3566 β
1050 3508 1081 3555 ad
1091 3507 1222 3568 superiora
1230 3520 1266 3554 re·

147 3567 263 3617 serentes.
281 3567 336 3616 Nos
348 3583 442 3616 novam
455 3569 513 3617 hinc
525 3568 658 3632 periodum
670 3571 812 3635 incipimus.
826 3614 856 3621 -
876 3573 999 3634 estarbor,
1008 3574 1105 3637 Appul.
1124 3570 1168 3620 sed
1175 3573 1267 3630 arbore,

148 3637 211 3684 aad.
238 3633 289 3685 Sed
304 3642 327 3683 et
342 3635 414 3683 arbor
426 3644 467 3696 ast,
483 3635 588 3685 Barbar.
605 3632 657 3700 βγ.
683 3635 800 3701 Exemplo
811 3639 843 3688 sit
854 3641 925 3688 orbor
937 3656 949 3688 e
961 3639 1049 3701 malua,
1065 3640 1172 3690 Salmas.
1186 3655 1267 3690 exem.

147 3719 172 3765 p.
186 3707 242 3753 206.
255 3703 279 3751 b.
292 3705 321 3752 F.
345 3745 375 3751 -
398 3701 481 3763 mulae,
496 3704 591 3766 Appul.
617 3745 646 3753 ..
669 3704 835 3768 Mauretania,
847 3707 945 3771 Appul.
973 3705 1135 3767 Mauritania,
1148 3710 1212 3758 acd.
1237 3748 1266 3757 ..
1358 3698 1363 3713 ¹

148 3768 209 3817 Liui
219 3767 305 3832 oppido
317 3769 445 3828 aestuario,
458 3774 523 3821 acd.
541 3769 609 3834 apud
618 3770 707 3820 Lixum
720 3773 840 3837 oppidum,
852 3776 950 3840 Appul.
964 3818 994 3825 -
1005 3774 1094 3838 fuisse,
1107 3790 1158 3824 om.
1171 3776 1267 3840 Appul.

150 3894 180 3902 ..
202 3849 249 3914 CO,
262 3857 306 3904 ad.
328 3839 381 3917 0‘0,
398 3857 494 3920 Appul.
520 3852 593 3920 Cla,
611 3857 634 3906 d.
660 3898 690 3906 -.
714 3856 872 3922 circumplecti
891 3875 968 3920 uento,
988 3862 1035 3910 ad.
1060 3857 1268 3922 circumplectioub,

149 3937 170 3970 c.
193 3919 278 3970 circum
288 3920 569 3988 plectionemo,Appul.
590 3965 620 3973 ..
644 3923 753 3974 labenda
765 3927 914 3991 estAppul.
935 3968 966 3976 -
989 3923 1150 3987 alia,Dalec.
1170 3967 1201 3976 -
1225 3942 1268 3989 ap-

146 3987 295 4052 pellavimus,
305 4007 326 4038 c.
341 4031 371 4038 -
391 3999 517 4052 nascentes,
526 4007 546 4040 c.
560 4033 590 4040 -
611 3991 678 4053 attint,
688 3994 751 4042 acd.
770 4002 818 4054 aut,
827 3994 925 4059 Appul.
940 4036 970 4042 -
989 4001 1109 4056 naturam,
1119 3997 1135 4044 d
1144 3991 1269 4059 (Appul.)

151 4097 181 4104 ..
200 4054 300 4105 dicimus
314 4064 353 4117 16,
366 4065 407 4108 31.
426 4101 456 4108 -
473 4058 547 4122 paulo
559 4067 614 4107 anu
626 4061 640 4123 ξ
653 4067 685 4110 33
698 4076 767 4124 seqq.

183 4121 251 4183 564.
281 4122 374 4173 Curtlla
390 4126 450 4174 laum
462 4126 563 4190 panerio,
579 4119 698 4178 Gracc.
724 4127 941 4192 Decurtilaqiuum
954 4144 1046 4193 qaaere,
1063 4130 1160 4193 Appul.
1190 4126 1268 4179 Carti-

151 4189 347 4255 lupt'uelpeueris.
386 4208 409 4257 γ.
437 4236 465 4243 -
494 4194 629 4258 coutiqitei,
642 4198 704 4245 acd.
733 4196 852 4261 coutiups't,
865 4197 961 4261 Appul.
985 4238 1026 4261 ..ι
1044 4212 1172 4256 eaeorum,
1190 4200 1214 4246 d.
1239 4224 1268 4246 a.

150 4257 256 4319 olitort't's,
266 4260 302 4309 ita
311 4276 357 4309 nos
368 4263 518 4326 scripsimus.
537 4261 635 4323 olitoris,
646 4277 666 4312 c.
686 4261 813 4327 olitoribus,
824 4259 915 4329 adssr.
932 4264 1085 4328 promovebat
1099 4264 1158 4313 rotis
1166 4265 1191 4313 iu
1200 4263 1269 4315 solem
