2754 4726
324 292 395 339 nm.
411 292 515 340 xvnr.
545 292 624 340 cnr.
640 294 715 342 11111.
733 295 822 343 111111.
851 296 949 344 sacr.
965 299 1002 342 u.
1017 300 1048 342 u.
1181 285 1241 349 175

116 445 242 524 herbis,
266 444 308 509 ad
331 444 493 509 trimatum
516 444 630 509 marris
651 445 693 509 ad
716 448 818 512 solum
841 448 927 523 radi3
950 448 996 519 ita
1010 450 1153 534 reliquas
1168 451 1241 517 ber-

117 547 178 612 bae
190 547 356 611 intereunt
375 544 444 609 sine
463 545 567 630 ipsius
586 546 702 612 damno
722 557 848 633 propter
868 548 1068 615 altitudinem
1087 549 1241 616 radicum.

118 643 155 712 Si
177 647 333 712 evicerint
353 644 487 725 herbae,
511 646 685 712 remedium
706 648 838 713 unicum
856 647 891 712 in
905 659 1011 716 aratro
1026 652 1154 738 saepius
1168 674 1242 719 ver·

108 749 231 826 tendo,
254 747 360 812 donec
381 768 492 818 omnes
513 746 595 814 aliae
608 747 733 813 radices
747 748 916 814 intereant.
938 748 1020 815 Dari
1042 773 1105 817 non
1127 753 1168 817 ad
1189 774 1241 818 sa-
1258 770 1304 815 141

118 851 258 914 tietatem
278 847 390 925 debet,
413 869 455 912 ne
477 849 607 934 deplere
629 849 819 936 sangumem
840 873 973 916 necesse
995 851 1052 929 sit3
1075 864 1106 917 et
1129 853 1242 918 viridis

118 951 227 1017 utilior
248 960 309 1015 est.
331 949 464 1014 Arescit
482 950 646 1017 surculose
666 973 705 1016 ac
722 963 885 1038 postremo
905 952 939 1017 in
961 952 1128 1039 pulverem
1148 954 1243 1017 inuti-
1274 994 1283 1013 .-

117 1055 180 1119 lem
201 1061 403 1119 extenuatur.
438 1050 490 1116 De
510 1053 631 1136 cytiso,
659 1052 711 1117 cui
732 1063 764 1117 et
784 1053 850 1139 ipsi
871 1053 1071 1140 principatus
1091 1055 1189 1119 datur
1208 1054 1252 1139 in,

117 1153 261 1240 pabulis,
294 1151 426 1217 adfatim
454 1152 595 1219 diximus
621 1152 707 1221 inter
733 1153 875 1243 frutices.
917 1154 962 1219 Et
992 1176 1078 1220 nunc
1110 1155 1241 1241 frugum

117 1255 259 1320 omnium
290 1264 407 1318 natura
438 1252 629 1344 peragenda,
656 1263 721 1331 est,
754 1253 847 1320 cuius
873 1256 908 1320 in
935 1267 1027 1341 parte
1055 1256 1096 1321 de
1122 1257 1243 1323 morbis

116 1376 245 1440 quoque
266 1355 402 1421 dicatur.

159 1455 277 1523 XVII.
309 1457 363 1521 44.
395 1454 542 1519 Primum
570 1455 713 1520 omnium
741 1455 895 1521 frumenti
924 1457 1036 1522 vitium
1058 1470 1305 1538 aversentur

118 1571 151 1625 et
168 1544 323 1625 luirdeum
343 1557 377 1621 in
397 1578 467 1621 eam
488 1556 665 1642 degenerat
688 1557 734 1622 sic
754 1567 790 1622 ut
804 1557 875 1643 ipsa
894 1557 1046 1623 frumenti
1066 1559 1108 1624 sit
1128 1559 1242 1638 instar,

117 1661 238 1747 quippe
265 1681 341 1723 cum
362 1655 557 1724 Germaniae
583 1658 695 1745 populi
719 1670 828 1725 serant
856 1681 925 1723 eam
947 1680 1050 1742 neque
1071 1660 1134 1724 alia
1154 1661 1244 1745 pulte

117 1762 239 1828 vivant.
269 1757 338 1825 Soli
359 1781 509 1824 maxume
531 1759 674 1842 caelique
695 1782 807 1825 umore
828 1760 889 1825 boc
910 1761 1016 1826 evenit
1038 1760 1168 1840 vitium3
1191 1783 1242 1828 se·

117 1871 272 1947 quantem
293 1882 424 1928 causam
444 1861 541 1926 babet
562 1860 754 1925 inbecillitas
776 1861 922 1938 seminis,
945 1862 973 1926 si
994 1862 1114 1926 diutius
1136 1872 1242 1927 reten-

118 1975 185 2028 tum
208 1973 260 2028 est
281 1972 367 2026 terra
387 1962 477 2049 prius
500 1982 598 2044 quam
621 1971 776 2046 erumpat
798 1959 925 2025 Eadem
941 1961 1021 2025 ratio
1041 1971 1073 2025 et
1094 1963 1122 2026 si
1142 1962 1243 2026 cario·
1259 1975 1306 2018 ¹⁵⁰

116 2086 190 2129 sum
220 2063 283 2128 fuit
314 2084 388 2129 oum
421 2073 592 2128 sereretur.
646 2061 757 2126 Prima
795 2072 904 2125 autem
936 2060 1044 2124 statim
1076 2061 1243 2148 eruptione

117 2163 344 2252 adgnoscitur,
372 2187 412 2230 ex
439 2186 503 2248 quo
525 2163 661 2248 adparet
680 2162 714 2227 in
735 2161 843 2227 radice
865 2182 936 2226 esse
956 2179 1096 2226 causam.
1128 2160 1190 2226 Est
1211 2173 1244 2226 et

117 2266 206 2332 aliud
235 2288 278 2332 ox
303 2267 409 2332 vicino
435 2287 557 2331 arenae
584 2264 713 2342 vitium,
747 2286 820 2329 cum
855 2261 1067 2349 amplitudine
1094 2262 1243 2328 inchoata

116 2389 273 2454 manum,
300 2367 359 2433 sed
379 2364 522 2433 nondum
543 2376 682 2442 matura,
709 2365 800 2450 prius
826 2386 925 2448 quam
945 2364 1044 2430 robur
1063 2372 1095 2427 et
1116 2384 1241 2448 corpus,

117 2470 241 2535 adflatu
272 2469 370 2534 noxio
401 2488 529 2534 cassum
555 2477 587 2532 et
612 2467 709 2532 inane
734 2465 768 2529 in
797 2465 887 2550 spica
915 2463 1077 2530 evanescit
1103 2462 1242 2546 quodam

116 2571 275 2637 abortivo.
311 2569 411 2637 Venti
440 2550 550 2634 autem
575 2565 679 2631 tribus
706 2565 905 2650 temporibus
932 2574 1049 2630 nocent
1083 2563 1242 2629 frumento
1257 2574 1301 2620 1⁵¹

116 2683 154 2737 et
174 2671 310 2738 hordeo:
341 2672 376 2737 in
400 2669 496 2747 flore,
523 2677 581 2733 aut
606 2665 752 2752 protinus
779 2687 852 2730 cum
880 2664 1073 2740 defloruere,
1099 2664 1152 2728 vel
1172 2686 1242 2727 ma-

117 2782 281 2838 turescere
307 2771 552 2858 incipientibus3
581 2779 651 2833 tum
678 2766 761 2831 enim
791 2764 983 2831 exinaniunt
1010 2785 1127 2850 grana,
1154 2763 1241 2848 prio-

116 2873 209 2939 ribus
235 2874 342 2940 causis
369 2872 458 2939 nasci
484 2869 664 2959 prohibent.
700 2865 805 2931 Nocet
832 2876 865 2930 et
893 2867 940 2932 sol
967 2865 1080 2930 creber
1106 2885 1124 2927 e
1145 2863 1240 2929 nube.

117 3046 243 3111 scriptura
257 3047 330 3096 codd.
346 3045 522 3095 Plinianorum
538 3043 621 3093 multa
635 3041 678 3090 hic
694 3047 813 3104 corrupta
829 3053 884 3089 esse
901 3046 1012 3102 apparet.
1040 3036 1113 3099 Quae
1130 3037 1199 3087 Pint.
1216 3043 1242 3086 et

118 3115 243 3163 mutando
255 3120 282 3162 et
289 3115 478 3177 transponendo
490 3118 579 3172 tentat,
590 3123 667 3159 nemo
679 3107 804 3171 probabit.
824 3145 855 3154 ..
873 3102 1030 3176 altitudinem,
1042 3120 1066 3155 a
1086 3145 1117 3152 -
1135 3119 1186 3152 cum
1197 3102 1241 3151 mr·-

118 3180 215 3240 mmo,
226 3183 252 3231 d.
269 3180 399 3241 minimum,
411 3196 434 3230 a.

153 3250 239 3312 3147.
273 3247 523 3307 Verso-triambes,
535 3259 585 3293 om.
597 3241 688 3306 rvitio
700 3254 841 3304 operarum.
865 3280 896 3288 ..
922 3237 1017 3302 sonim,
1030 3240 1099 3290 Pint.
1125 3239 1199 3300 sard,
1215 3240 1239 3289 d.

119 3314 177 3375 scri,
192 3310 264 3379 adr.
287 3316 322 3366 V.
339 3315 458 3367 Schneid.
476 3313 509 3363 ad
525 3309 662 3362 Columell.
674 3307 710 3358 ΙΙ.
725 3312 764 3368 10,
778 3311 818 3358 27.
836 3314 863 3357 et
877 3306 932 3358 Ian.
948 3308 1015 3358 obss.
1027 3308 1093 3358 critt.
1105 3322 1130 3371 p.
1146 3313 1184 3358 18.
1208 3347 1239 3355 -

119 3381 216 3443 mamb,
229 3384 254 3432 d.
275 3382 301 3431 io
312 3382 385 3445 arab,
397 3399 420 3431 a.
439 3421 471 3431 ..
495 3375 744 3436 inererat-barbae,
756 3390 808 3425 om.
821 3390 844 3424 a.
869 3416 899 3425 ..
922 3374 947 3424 in
958 3383 1050 3437 aratro,
1062 3374 1153 3425 Dalee.
1173 3374 1239 3424 lara·

121 3449 162 3510 tio,
173 3445 202 3499 θ.
220 3457 244 3498 et
254 3457 346 3510 mbo,
359 3464 383 3500 a.
405 3454 497 3508 aratra
510 3449 534 3497 d.
552 3444 639 3506 aratio,
650 3446 681 3494 T.
696 3450 734 3492 cst
744 3443 833 3504 oratio,
844 3438 894 3507 βγ.

154 3519 240 3580 §ut-
266 3516 367 3582 deplere,
380 3517 453 3566 codd.
466 3514 523 3566 Gsl.
549 3510 734 3577 replera'l'ad.
760 3551 792 3560 ..
817 3509 935 3573 puluerem
947 3507 1203 3567 auatmomissoin,
1216 3523 1239 3556 a.

120 3583 199 3633 utilsm
207 3583 336 3648 pulverera,
349 3587 373 3635 d.
393 3624 425 3634 -
443 3583 502 3646 ipss,
514 3584 538 3633 d.
558 3621 589 3631 -
608 3578 711 3628 dirimas
723 3576 763 3640 ts,
778 3584 835 3628 130.
855 3618 887 3626 -
905 3576 997 3636 moret,
1013 3570 1092 3626 θΤᾱ.
1110 3573 1203 3634 modist,
1216 3589 1239 3624 a.

119 3651 191 3712 vitiet,
225 3687 231 3701 .

154 3718 171 3779 ξ
185 3647 240 3770 lib.
266 3718 304 3780 at,
316 3718 368 3770 Ta.
378 3715 424 3779 fit,
434 3710 507 3780 ᾱβγ.
521 3756 552 3767 ..
566 3712 653 3780 populi
662 3721 750 3774 serant,
762 3713 836 3762 codd.
850 3711 907 3763 Gel.
925 3709 1020 3774 popub's
1031 3715 1107 3770 eram,
1119 3726 1142 3760 a.
1157 3707 1243 3774 populi

119 3794 223 3850 sanant,
235 3788 287 3838 Td.
305 3827 337 3836 -
355 3792 461 3845 causata
473 3784 519 3834 ad.
537 3825 569 3834 ..
586 3781 616 3844 εἰ,
631 3774 659 3831 θ.
676 3796 737 3843 cunt,
748 3775 822 3841 D2ss.
841 3779 929 3829 Omitt.
940 3778 1029 3829 D¹ad.
1046 3775 1241 3826 attaediatus

120 3853 205 3903 retecti
215 3861 288 3917 terra,
300 3869 320 3904 r.
338 3895 369 3903 ..
388 3859 501 3916 campet,
513 3866 536 3902 a.

155 3924 171 3986 ς
183 3927 241 3973 100.
260 3921 325 3976 mab
335 3929 358 3971 st
368 3919 397 3980 ai,
410 3935 433 3970 a.
451 3918 515 3969 ratio
525 3917 555 3981 si,
568 3919 592 3968 d.
610 3923 646 3965 ert
656 3913 728 3976 ratio,
736 3913 766 3975 si,
774 3908 825 3978 βγ.
838 3952 871 3962 -
888 3911 1126 3972 Rima..ectt'sam‚
1138 3925 1190 3961 om.
1202 3911 1239 3960 rt

123 4030 154 4038 ..
176 3989 291 4051 roburst,
307 4006 330 4040 a
356 3989 456 4049 roboret,
474 3981 528 4037 θᾱ.
554 3985 683 4045 roboretur,
697 3977 750 4046 βγ.
773 4021 804 4031 ..
831 3996 933 4041 emtum,
949 3983 966 4031 d
983 3980 1069 4044 (codd.
1086 3980 1166 4028 Turn.
1182 3978 1240 4027 adv.

121 4054 231 4172 901141.)
248 4098 279 4109 -
297 4055 496 4119 mmcdpcrtn
507 4051 617 4119 91ωά0111,
629 4051 718 4102 Dalec.
736 4090 767 4099 ..
786 4048 900 4111 morato,
911 4064 927 4098 a
938 4046 1025 4110 (codd.
1038 4043 1131 4108 Turn.)
1148 4045 1241 4105 oborta

156 4194 171 4256 5
185 4199 241 4244 ltl.
266 4206 348 4252 corsa,
360 4205 383 4240 a
401 4188 516 4253 Sumpslt
526 4189 591 4238 haec
600 4187 668 4237 Plin.
680 4201 714 4236 ex
725 4185 857 4249 Theophr.
870 4184 929 4234 hist.
941 4183 1021 4247 plant.
1033 4179 1109 4230 VIII.
1125 4185 1164 4242 10,
1174 4187 1197 4230 a.
1208 4218 1244 4232 .,.

122 4259 434 4322 emarcueram.
