2754 4726
135 279 178 342 40
487 292 692 339 aerumnis
714 291 909 338 nrsronma

135 467 173 510 ao
199 442 356 522 subrecti3
391 453 423 508 et
445 464 638 526 quamquam
659 443 801 509 omnium
822 441 1015 508 hederarum
1035 423 1146 530 generi
1167 439 1254 505 radi-

135 568 210 611 cosa
235 542 399 622 bracchia,
431 543 506 609 huic
527 554 634 608 tamen
654 566 805 609 maxume
827 565 954 608 ramosa
976 565 1014 609 ac
1034 542 1182 619 robusta3
1215 541 1256 608 ab

135 668 174 711 ea
187 645 308 732 nigrae.
332 644 399 711 Sed
421 644 586 730 proprium
608 643 709 721 albae,
733 644 819 728 quod
833 643 916 709 inter
930 644 1035 708 media
1048 642 1125 708 folia
1139 641 1257 709 emittit
1288 691 1294 697 .

135 745 285 811 bracchia
316 745 478 828 utrimque
511 766 637 829 semper
669 745 880 829 amplectens3
913 744 974 809 hoc
1006 754 1037 808 et
1068 743 1104 807 in
1134 763 1255 821 muros,

135 846 281 930 quamvis
308 845 430 910 ambire
456 867 522 910 non
548 845 660 930 possit.
682 844 795 930 Itaque
818 844 913 911 etiam
934 844 1081 931 pluribus
1102 843 1183 910 locis
1203 842 1254 909 in-
1268 857 1308 904 158

136 946 251 1012 tercisa
272 946 352 1012 vivit
372 957 477 1010 tamen
499 946 656 1028 duratque
678 955 711 1009 et
732 945 863 1011 totidem
884 945 976 1009 initia
996 933 1141 1010 radicum
1158 943 1257 1009 habet

134 1057 213 1131 quot
241 1046 405 1125 bracchia,
437 1045 554 1130 quibua
582 1046 749 1111 incolumis
776 1058 809 1111 et
836 1045 937 1111 solida
957 1045 1088 1111 arborea
1110 1045 1198 1131 sugit
1217 1066 1256 1111 ao

136 1147 324 1234 strangulat.
345 1145 410 1212 Est
431 1157 463 1211 et
484 1146 518 1209 in
538 1146 644 1211 fructu
665 1145 847 1211 differentia
861 1146 952 1212 albae
966 1146 1141 1232 nigraeque
1155 1146 1255 1213 hede-

135 1271 201 1328 rae,
229 1247 378 1332 quoniam
405 1247 475 1312 aliis
504 1257 592 1312 tanta
613 1247 790 1312 amaritudo
812 1246 897 1312 acini
919 1256 955 1310 ut
975 1269 1053 1313 aves
1073 1269 1138 1313 non
1159 1247 1256 1313 attin-

135 1359 225 1438 gant.
258 1348 321 1414 Est
341 1359 374 1414 et
394 1349 502 1434 rigens
523 1349 643 1414 hedera
663 1370 747 1432 quae
769 1348 837 1413 sine
860 1347 1053 1413 adminiculo
1080 1357 1160 1426 stat,
1190 1347 1257 1413 sola

135 1449 279 1519 omnium
300 1471 455 1535 generum
476 1448 517 1513 ob
538 1448 573 1513 id
594 1460 706 1514 vocata
733 1449 850 1527 cissos3
885 1449 1056 1514 ediverso
1083 1469 1265 1533 numquam.

136 1551 199 1616 nisi
221 1549 308 1614 humi
331 1573 448 1636 repens
470 1549 713 1615 chamaecissos.
1287 1556 1291 1564 ’

178 1649 332 1718 XXXV.
345 1652 395 1716 63.
419 1649 541 1715 Similis
563 1660 612 1715 est
632 1649 770 1715 hederae
791 1672 809 1714 e
833 1647 946 1716 Cilicia
966 1651 1095 1735 quidem
1117 1650 1259 1735 primunr
1274 1652 1366 1706 ¹5³

137 1753 280 1839 profecta
301 1750 358 1815 sed
378 1751 413 1815 in
432 1748 572 1818 Graecia
592 1750 798 1834 frequentior,
828 1772 925 1835 quam
945 1762 1061 1818 vocant
1081 1751 1257 1828 zmilaeem,

137 1852 248 1918 densis
269 1851 450 1937 geniculata
472 1851 633 1930 caulibus,
668 1851 807 1938 spinosis
832 1852 1006 1918 frutectosa
1033 1850 1147 1929 ramis,
1179 1851 1259 1917 folio

136 1954 329 2031 hederaceo,
352 1975 469 2038 parvo,
492 1974 557 2017 non
578 1952 745 2040 anguloso,
768 1976 789 2017 a
810 1952 959 2038 pediculo
981 1953 1144 2019 emittente
1165 1963 1257 2044 pamss

137 2055 242 2142 pinos,
271 2054 349 2122 flore
377 2053 525 2133 candido,
548 2044 1373 2136 8181118111111111.181111188111011111111188118154

137 2156 246 2233 modo,
269 2178 333 2220 non
354 2153 506 2232 hederae,
529 2154 634 2219 colore
656 2154 764 2233 rubro,
788 2154 943 2240 conplexa
965 2154 1064 2220 acinis
1085 2155 1259 2233 maioribus

108 2283 112 2290 ·
137 2255 268 2322 nucleos
290 2266 410 2332 ternos,
433 2254 609 2320 minoribus
624 2255 778 2345 singulos,
799 2255 909 2344 nigros
923 2254 1095 2339 durosque,
1117 2255 1260 2322 infausta

137 2354 285 2421 omnibus
307 2355 405 2420 sacris
427 2365 459 2420 et
481 2357 617 2434 coronis,
640 2343 791 2441 quoniam
813 2358 853 2420 sit
873 2356 1021 2444 lugubris
1042 2355 1168 2455 virffl'nea
1187 2355 1259 2422 eius

136 2455 273 2521 nominis
294 2466 427 2541 propter
448 2478 587 2522 amorem
609 2456 734 2523 iuvenis
758 2454 853 2523 Croci
880 2467 1003 2523 mutata
1022 2457 1057 2521 in
1077 2457 1165 2522 hunc
1183 2457 1258 2548 iru-

138 2556 243 2621 ticem.
270 2554 311 2620 Id
331 2556 445 2642 volgus
459 2556 612 2643 ignorans
633 2558 821 2643 plerumque
842 2559 924 2624 festa
946 2581 1005 2624 sua
1024 2558 1138 2644 polluit
1157 2549 1352 2624 bede-1⁶

136 2679 205 2720 ram
220 2657 452 2737 existumando,
476 2658 558 2724 sicut
579 2657 613 2723 in
633 2659 738 2744 poetis
760 2669 816 2722 aut
827 2658 948 2726 Libero
962 2669 1053 2745 patre
1067 2669 1124 2724 aut
1134 2656 1259 2738 Sileno,

136 2759 208 2842 quis
229 2758 356 2824 omnino
378 2758 481 2823 nescit
502 2757 619 2843 quibua
641 2761 852 2825 coronentur?
873 2759 903 2823 E
926 2760 1058 2826 zmilace
1072 2760 1153 2825 fiunt
1167 2761 1260 2826 codi-

137 2858 218 2938 cilli,
256 2860 487 2946 propriumque
520 2860 671 2926 materiae
697 2870 748 2927 est
772 2869 810 2924 ut
838 2861 967 2926 admota
995 2859 1125 2928 auribus
1152 2861 1260 2927 lenem

169 3033 288 3094 subrecta,
300 3034 337 3083 a¹.
357 3074 388 3082 ..
407 3048 530 3096 quomque,
547 3049 571 3083 a.
590 3072 622 3084 -
645 3030 797 3095 hederarum,
813 3048 865 3083 om.
882 3050 902 3083 r.
926 3075 958 3084 ..
981 3032 1100 3096 bracchia,
1117 3049 1170 3084 om.
1186 3052 1206 3084 r.
1226 3075 1259 3084 ..

137 3098 304 3227 utrimque&
335 3109 470 3164 atramque,
487 3101 569 3151 TKa.
592 3141 623 3150 ..
650 3099 709 3149 haec
724 3108 760 3149 ert
773 3107 809 3163 et,
825 3102 858 3151 Κ.
880 3141 912 3153 ..
940 3117 1031 3164 maror,
1052 3095 1097 3155 91.
1123 3117 1212 3162 maret,
1234 3119 1259 3152 a.

136 3165 217 3228 muru,
229 3169 276 3216 Kd
328 3203 334 3216 .
1228 3221 1232 3227 ,

170 3235 255 3295 §152-
274 3181 336 3296 fidit
352 3233 538 3298 erchanpoldt,
550 3253 571 3286 r.
594 3277 626 3285 ..
652 3233 834 3299 Ertiafmctu,
847 3239 909 3286 adr.
932 3277 964 3286 ..
992 3233 1049 3297 illia,
1062 3235 1210 3287 Schneider.
1223 3237 1260 3291 ad

136 3300 266 3362 Theophr.
283 3300 343 3349 hist.
360 3301 440 3363 plant.
452 3301 502 3350 111.
517 3308 556 3362 18,
571 3308 610 3353 10.
627 3318 652 3367 p.
665 3309 723 3354 888.
751 3341 783 3352 ..
810 3302 954 3365 arthocasor,
970 3303 1114 3353 Pontedera
1129 3303 1259 3367 antiquitt.

135 3380 152 3437 p
170 3435 184 3496 ς
199 3440 254 3488 158.
281 3431 381 3492 Similae,
391 3435 414 3482 d.
434 3431 524 3492 Simile,
534 3449 557 3483 a.
574 3435 608 3483 V.
621 3435 752 3498 Theophr.
764 3435 782 3483 1.
794 3436 813 3484 l.
824 3435 874 3486 111.
889 3443 928 3496 18,
942 3441 982 3488 11.
995 3444 1020 3487 et
1030 3438 1146 3488 Dioscor.
1159 3443 1184 3498 4,
1198 3442 1259 3489 lea.

136 3540 167 3556 ,.
186 3498 301 3563 hedereoe
316 3497 408 3559 Cilicia
424 3516 448 3550 a.
475 3498 576 3550 hederae
590 3498 681 3562 Cilicia,
694 3503 717 3550 d.
744 3499 816 3549 edero
831 3500 934 3564 Ciliciae,
944 3521 965 3554 r.
987 3544 1019 3553 ..
1041 3502 1258 3567 eademnam,

135 3569 179 3621 ad.
195 3567 298 3630 primum
310 3565 411 3636 quidem,
423 3562 474 3631 βγ.
493 3565 593 3630 quidem,
606 3583 627 3616 r.
645 3608 676 3616 ..
692 3569 804 3630 profecto
814 3567 864 3630 aed,
877 3572 901 3620 d.
920 3572 1029 3635 prrffeete
1039 3569 1089 3632 aed,
1101 3587 1124 3620 a.
1145 3569 1190 3618 sed
1197 3586 1259 3634 pro-

127 3634 235 3696 fectas.
263 3675 290 3683 -
318 3631 453 3694 eimiloeem,
466 3650 489 3684 a.
512 3674 543 3682 -
562 3634 705 3697 frutectosa,
719 3636 791 3686 Tad.
810 3637 967 3698 sraetectoaa,
983 3631 1012 3688 θ.
1030 3637 1161 3702 fruticosa,
1172 3632 1203 3697 β.
1223 3679 1257 3689 -

127 3699 203 3763 solia,
215 3718 238 3751 a.
257 3743 289 3755 ,.
308 3699 442 3760 hederoceo,
456 3702 479 3750 d.
498 3699 633 3763 hederaeea
645 3718 668 3754 a.
686 3718 727 3752 eeu
738 3701 817 3765 edera,
828 3721 848 3754 r.
861 3743 893 3754 ..
907 3721 997 3768 parva,
1009 3709 1045 3756 a'.
1059 3743 1091 3754 ..
1112 3703 1260 3768 apedicrrlo,

136 3769 160 3816 d.
178 3784 195 3816 a
206 3767 310 3828 reticulo,
323 3785 345 3817 a.
365 3807 396 3816 ..
415 3767 500 3827 titium,
512 3783 535 3818 a.

169 3834 184 3894 ξ
199 3840 254 3885 154.
281 3833 401 3898 complexa
416 3835 515 3884 racenir
527 3835 592 3897 mai,
610 3837 725 3900 Scaliger
740 3840 772 3887 ad
784 3838 916 3902 Theophr.
932 3839 991 3888 hist.
1008 3840 1087 3902 plant
1106 3855 1131 3903 p.
1144 3843 1203 3890 889.
1224 3878 1258 3890 ...

136 3909 219 3962 ternos,
232 3906 255 3953 d.
274 3901 384 3962 undenos,
396 3919 419 3951 a.
436 3903 475 3952 At
484 3918 509 3954 r.
521 3904 651 3968 Theophr.
664 3905 682 3954 l.
694 3905 712 3954 1.
725 3904 774 3954 ΙΠ.
789 3911 828 3966 18,
843 3911 881 3957 18.
895 3904 924 3955 ἐν
937 3903 997 3963 τοῖς
1004 3903 1111 3966 μείζοσι
1128 3905 1257 3971 (πυρῆσι)

134 3965 167 4017 δὲ
180 3969 261 4034 τρεῖς.
281 4011 312 4018 -
330 3969 413 4029 sacas.
425 3985 448 4018 a.
466 3969 542 4019 racrir
552 3979 576 4019 et
585 3971 719 4034 curteficia,
732 3973 785 4022 Τᾱ.
804 4012 836 4026 ,,
853 3972 976 4036 virginem,
988 3989 1012 4023 a.

168 4039 182 4100 5
197 4042 253 4086 155.
271 4036 325 4100 quis
335 4036 439 4098 omnino;
448 4052 494 4100 pro
506 4038 548 4088 his
558 4040 663 4090 vocibus
675 4040 771 4090 habent
782 4039 825 4102 qui
834 4055 913 4088 somno
922 4040 996 4090 Tad.
1013 4041 1070 4091 Iam
1081 4040 1142 4088 licet
1149 4040 1260 4103 vulgata

135 4105 257 4166 explicari
270 4104 361 4166 possit,
378 4106 489 4154 contorti
504 4113 590 4156 tamen
605 4107 701 4170 aliquid
715 4106 794 4156 habet
808 4121 853 4169 per
868 4108 1010 4170 asyndeton
1025 4108 1124 4167 durius,
1145 4115 1171 4156 et
1186 4117 1259 4159 certo
1316 4114 1319 4119 ’

134 4172 197 4220 mihi
214 4178 252 4221 est
266 4187 412 4235 persuasum
423 4173 536 4223 Plinium
553 4174 682 4236 scripsisse
697 4173 740 4236 qai
755 4172 807 4235 quia
819 4172 910 4223 omnino
921 4173 938 4224 i.
951 4189 972 4223 e.
985 4175 1013 4223 hi
1025 4176 1116 4237 quibus
1128 4173 1199 4224 foliis
1211 4188 1259 4224 co-

134 4247 261 4299 ronentur,
273 4239 329 4302 qnia
341 4239 446 4288 omnino
458 4239 553 4293 nescit?
570 4242 716 4291 Pronomen
734 4240 864 4290 relativum
876 4243 909 4291 ad
921 4249 1017 4305 poetas,
1033 4242 1166 4292 Bacchum
1178 4243 1259 4295 8181-
