2754 4726
401 310 471 359 nm.
487 308 590 361 xvrn.
620 312 699 360 car.
715 314 777 362 vn.
806 313 904 364 sacr.
921 317 951 360 ιο.
967 320 998 361 ιι.
1200 302 1261 367 153

136 473 341 528 crassescunt
371 472 636 547 maturantmque
668 486 742 529 cum
770 463 953 548 plurumum
980 466 1094 533 diebus
1122 468 1262 552 quadra·

134 564 244 652 ginta,
267 562 345 628 item
359 562 449 643 faba,
471 563 674 650 paucissimis
694 564 794 641 cicer;
817 565 851 630 id
865 566 950 631 enim
964 590 984 632 a
997 568 1132 634 sementi
1147 568 1263 634 diebus

134 686 181 729 xa
201 663 375 751 perficitur.
398 663 528 730 Milium
550 675 581 731 et
600 666 753 751 panicum
774 675 808 730 et
829 667 946 732 sesima
967 679 1000 733 et
1019 668 1126 734 omnia
1140 668 1262 735 aestiva

70 772 73 777 '
134 785 182 829 xr,
203 763 319 830 diebus
340 775 541 831 maturantur
566 789 586 830 a
611 766 689 831 flore
722 787 840 852 magna
870 777 974 853 terrae
1002 768 1144 853 caelique
1166 769 1261 836 diffe-

134 867 242 932 rentia
249 891 259 945 3
281 867 317 932 in
334 866 490 953 Aegypto
513 867 597 932 enim
617 866 772 932 hordeum
794 878 884 933 sexto
906 891 926 932 a
948 879 1021 935 satu
1042 890 1169 949 mense,
1191 870 1262 936 fru-

134 978 246 1032 menta
267 977 413 1054 septumo
427 958 606 1047 metuntur,
628 968 663 1033 in
685 967 824 1033 Hellade
845 992 902 1034 vn.
924 969 1097 1048 hordeum,
1119 969 1154 1034 in
1167 970 1264 1035 Pelo·

134 1090 281 1154 ponneso
313 1079 427 1134 octavo
460 1079 493 1133 et
526 1069 685 1134 frumenta
714 1068 888 1134 etiamnum
919 1070 1051 1136 tardius.
1090 1067 1203 1137 Graue
1227 1071 1263 1136 in

135 1167 258 1253 stipula
279 1169 393 1234 crinito
415 1179 506 1234 textu
528 1169 709 1255 spicantur3
732 1170 766 1233 in
781 1169 856 1235 laba
870 1169 1152 1257 leguminibusque
1166 1172 1263 1238 alter·

134 1269 190 1334 nis
216 1270 371 1337 lateribus
399 1270 598 1355 siliquantur.
635 1269 784 1336 Fortiora
811 1282 922 1337 contra
948 1273 1070 1338 hiemes
1091 1273 1262 1351 frumenta,

133 1369 303 1456 legumina
316 1371 351 1436 in
365 1372 446 1437 cibo.
469 1371 612 1437 Tunicae
626 1372 784 1436 frumento
798 1373 923 1458 plures3
945 1373 1104 1439 hordeum
1113 1391 1306 1440 maxumam

134 1471 263 1536 nudum
285 1482 318 1537 et
338 1472 462 1552 arinca,
487 1473 545 1537 sed
566 1472 740 1558 praecipue
762 1495 874 1538 avena.
905 1472 1057 1540 Calamus
1079 1475 1172 1540 altior
1192 1474 1261 1545 fru-

135 1582 248 1638 mento
270 1594 366 1657 quam
393 1573 530 1653 hordeo,
558 1573 654 1638 arista
680 1573 859 1639 mordacior
879 1574 1009 1641 hordeo.
1041 1575 1082 1639 In
1108 1597 1184 1639 area
1204 1596 1262 1657 ex-

136 1683 289 1739 teruntur
310 1674 449 1740 triticum
471 1685 503 1740 et
525 1675 618 1763 siligo
639 1685 673 1740 et
691 1676 866 1754 hordeum3
888 1677 935 1742 sic
958 1685 991 1741 et
1012 1686 1163 1742 seruntur
1181 1696 1263 1761 pura

134 1775 278 1858 qualiter
297 1776 475 1854 moluntur,
498 1776 574 1861 quia
589 1786 671 1841 tosta
684 1799 749 1841 non
764 1787 855 1853 sunt;
878 1800 896 1842 e
911 1777 1038 1844 diverso
1053 1777 1113 1856 fer,
1129 1777 1262 1854 milium,

67 1938 70 1942 .
133 1877 291 1962 panicum
325 1876 458 1963 purgari
485 1878 548 1942 nisi
577 1888 660 1943 tosta
687 1899 751 1956 non
779 1888 915 1963 possunt
922 1904 932 1955 ;
959 1879 1069 1962 itaque
1089 1878 1169 1942 haec
1190 1899 1269 1942 cum·

134 1976 209 2042 suis
229 1978 377 2044 folliculis
398 1976 544 2044 serantur
563 1978 672 2043 cruda.
695 1977 742 2041 Et
761 1978 810 2041 far
828 1978 862 2041 in
878 1978 1038 2063 vaginulis
1054 1978 1121 2043 suis
1137 1986 1265 2042 servant
1319 2020 1326 2025 -

136 2077 185 2142 ad
208 2089 297 2144 satus
319 2089 415 2164 atque
435 2103 502 2145 non
523 2090 654 2145 torrent.

186 2178 237 2242 11.
259 2177 481 2246 Levissimum
503 2203 544 2246 ex
564 2181 614 2246 his
634 2180 790 2246 hordeum
811 2202 884 2246 raro
908 2180 1034 2246 excedit
1049 2203 1096 2245 xv
1110 2181 1209 2247 libras
1231 2189 1264 2246 et
1277 2195 1309 2241 os

132 2277 216 2343 faba
236 2301 326 2358 xxn3
348 2281 559 2367 ponderosius
580 2283 628 2347 far
649 2283 817 2370 magisque
838 2282 1012 2347 etiamnum
1026 2283 1175 2349 triticum.
1197 2281 1264 2346 Far

134 2381 174 2444 in
204 2378 358 2468 Aegypto
387 2405 429 2448 ex
455 2384 546 2468 olyra
573 2384 751 2461 conficitur3
780 2382 909 2448 tertium
934 2407 1038 2470 genus
1068 2385 1176 2470 spicae
1202 2383 1264 2447 hoc

134 2480 187 2546 ibi
208 2492 267 2546 est.
297 2480 424 2549 Galliae
444 2505 572 2569 quoque
595 2507 688 2549 suum
709 2506 813 2571 genus
835 2484 931 2548 farris
953 2485 1070 2550 dedere
1091 2483 1179 2568 quod
1199 2483 1265 2548 illic

135 2581 272 2648 bracem
300 2595 434 2662 vocant,
467 2585 554 2672 apud
579 2607 639 2649 nos
661 2583 841 2662 sandalam,
873 2584 1057 2648 nitidissimi
1078 2584 1182 2671 grani.
1218 2582 1264 2647 Et

135 2683 205 2749 alia
227 2684 424 2764 differentia,
451 2687 538 2770 quod
564 2685 632 2751 fere
653 2685 815 2771 quaternis
836 2683 928 2749 libris
948 2678 1023 2769 plus
1043 2683 1150 2749 reddit
1170 2683 1265 2769 panis

136 2857 267 2922 scriptura
283 2860 357 2908 codd.
374 2861 426 2909 iam
442 2865 544 2923 recepta
560 2868 667 2924 apparet
683 2859 710 2908 in
730 2858 812 2908 verbis
831 2858 930 2908 omissis
947 2858 1051 2907 verbum
1068 2853 1154 2903 habeut
1169 2855 1264 2903 lectum

134 2925 228 2975 fuisse
238 2966 269 2975 ..
281 2924 490 2989 demandamus,
500 2943 522 2978 a.
535 2925 714 2988 harundineum,
727 2919 825 2991 θᾱβγ.
839 2966 871 2974 ..
883 2923 994 2986 rotunda,
1003 2939 1026 2972 a.
1045 2919 1178 2983 rotundum,
1189 2915 1232 2983 (1ss
1236 2935 1263 2985 r.

137 3100 176 3111 ..
199 3068 449 3126 magau-parma.
468 3101 497 3110 ..
527 3060 770 3126 lmpimeaviliuaa
797 3016 1027 3126 hupimdfllvillae,
1045 3059 1069 3107 d.
1088 3097 1118 3106 ..
1139 3053 1264 3121 phasiolis,

136 3129 218 3178 codd.
230 3128 308 3179 Hard.
322 3126 431 3192 puseolis,
443 3145 466 3178 a.
480 3128 602 3192 porciolas,
614 3131 637 3179 d.
648 3126 760 3191 faceolis,
773 3123 823 3190 βγ.
843 3167 874 3175 ..
894 3133 916 3173 et
927 3125 1009 3188 Μὴ
1025 3139 1072 3189 pro
1084 3125 1124 3174 his
1135 3139 1175 3174 vv.
1188 3125 1265 3174 habet

136 3193 244 3245 cetrioai
253 3211 277 3257 a,
294 3194 367 3245 inani
377 3197 402 3258 d,
419 3195 520 3260 erysim
530 3197 619 3246 Dalec.

176 3280 246 3342 559.
272 3276 389 3343 legumina
406 3277 502 3340 diutius,
520 3279 653 3342 Theophr.
669 3279 686 3327 l.
699 3278 717 3328 l.
729 3277 805 3328 VIII
817 3283 840 3336 2,
853 3283 877 3326 4.
902 3317 934 3325 ..
960 3273 1065 3338 oliuae.
1092 3274 1168 3339 aliud,
1182 3277 1206 3326 d
1231 3317 1262 3327 -

136 3343 332 3409 siliquastrud.
349 3346 460 3410 siliquam
473 3353 530 3406 tam,
542 3362 565 3395 a.
586 3386 616 3394 -
634 3346 752 3407 subeunte,
766 3347 790 3394 d,
807 3343 934 3405 subiuncta,
946 3359 969 3393 a

177 3428 247 3494 §eo
272 3430 404 3481 Frumento
418 3447 470 3480 cum
486 3428 623 3494 defhmue,
640 3431 769 3495 Theophr.
787 3432 804 3480 l.
821 3431 838 3480 l.
856 3429 930 3479 VIII.
949 3435 973 3490 2,
992 3433 1015 3481 7.
1039 3469 1071 3479 ..
1097 3435 1264 3492 maturantque
1327 3448 1339 3467 ·

137 3513 196 3548 cum
203 3496 321 3562 plurilus,
334 3499 366 3549 Τ.
385 3539 417 3547 ..
439 3496 610 3562 quodraginta,
622 3500 667 3548 ad.
689 3496 851 3562 quodraginta
859 3495 1022 3560 perficiuntur,
1033 3512 1053 3546 r.
1073 3538 1105 3547 ..
1129 3495 1163 3556 id,
1175 3511 1226 3545 om.
1238 3498 1263 3545 d.

137 3605 176 3616 ..
194 3565 331 3627 semermes
349 3565 464 3626 sementis,
478 3567 502 3614 d.
520 3561 690 3630 remeatqssr.
709 3607 741 3615 ..
758 3564 893 3626 sesima&
910 3563 1055 3625 seminam.
1074 3603 1106 3613 -
1124 3561 1263 3623 ordeum.

138 3672 177 3683 ...
199 3631 304 3682 Hetude
322 3631 392 3692 VII,
407 3624 436 3682 θ.
461 3630 575 3694 Hellade,
587 3630 679 3697 adssr.
701 3673 734 3683 ..
760 3630 963 3696 Peloponensum
987 3670 1019 3678 ..
1046 3630 1207 3690 crannum.
1230 3668 1261 3679 .-

137 3706 228 3749 contra
239 3699 332 3761 hiemes,
348 3692 426 3751 9Τά
445 3698 525 3762 hieme,
537 3715 561 3749 a.
579 3697 614 3748 ud
623 3699 717 3763 liures,
728 3695 758 3761 β.
776 3700 809 3750 V.
821 3699 952 3762 Theophr.
963 3698 981 3747 l.
993 3698 1011 3746 l.
1023 3697 1100 3747 VIII.
1112 3704 1137 3758 3,
1151 3703 1174 3746 t.

178 3780 246 3842 §th
272 3782 358 3832 arinca
370 3781 420 3845 red,
433 3785 457 3834 d.
475 3792 618 3847 omnem-et,
630 3801 653 3835 a.
671 3782 745 3846 alica,
756 3784 790 3834 Κ.
811 3783 935 3832 Multain
946 3782 986 3831 his
997 3788 1080 3831 mutat
1090 3782 1158 3831 Pint.
1177 3823 1209 3832 ..
1230 3779 1263 3828 si·

138 3848 197 3909 Ζίω,
209 3865 232 3899 a
250 3891 281 3900 ..
300 3849 425 3913 moluntur,
438 3854 477 3902 dr.
496 3849 630 3913 moliuntur,
643 3846 692 3912 ad.
711 3893 742 3901 ..
762 3857 830 3910 tortu,
844 3851 868 3899 d.
886 3855 956 3909 torta,
969 3851 1005 3898 αἳ.
1028 3855 1085 3909 totu,
1097 3851 1133 3899 α’.
1151 3890 1183 3899 ..
1203 3864 1263 3912 pur·

135 3915 207 3981 gari,
220 3933 270 3968 om.
283 3920 307 3967 d.
326 3959 358 3968 ..
376 3926 495 3982 serutatur,
507 3921 552 3970 acl.
569 3926 687 3981 seruntur,
698 3914 752 3983 βγ.
771 3958 803 3977 ,.
821 3915 862 3978 ad,
874 3918 898 3966 d.
917 3923 951 3977 at,
964 3932 987 3966 a

178 4003 246 4064 562.
272 4003 431 4062 etiannma
451 4043 482 4052 ..
502 4003 603 4065 bracem
615 4003 690 4052 Tad.
709 4003 811 4062 mamm,
828 3993 856 4050 θ.
880 4001 973 4061 monos,
985 3995 1014 4061 β.
1033 4041 1064 4050 -
1082 3999 1217 4059 sandalum,
1230 4015 1264 4050 ar

138 4068 222 4131 (unus
234 4070 298 4120 liber
309 4086 349 4134 ap.
362 4072 473 4120 Tumeb.
485 4072 541 4120 adv.
554 4076 595 4132 30,
609 4068 662 4132 18.)
687 4066 835 4131 scandalum,
854 4062 883 4118 θ.
909 4066 1056 4129 scandalum,
1074 4070 1090 4117 d
1106 4065 1184 4128 (alter
1199 4068 1264 4118 liner

138 4134 280 4201 Turnebi).
307 4135 442 4198 sandalum,
454 4134 483 4198 β.
506 4177 537 4186 -
564 4135 601 4185 Et
615 4135 668 4186 ahia
679 4135 825 4200 dfiereutiu,
837 4151 870 4185 a·
886 4133 997 4184 Eet'oliu
1008 4133 1152 4197 differentia,
1164 4134 1211 4185 Td
1223 4131 1263 4196 (in

138 4220 195 4268 qno
208 4212 242 4253 ert
258 4203 422 4267 correctum).
448 4202 496 4252 Est
511 4212 534 4253 et
548 4202 602 4253 alsa
615 4201 762 4269 differemus,
783 4194 811 4252 θ.
837 4200 874 4250 Et
889 4200 941 4252 alia
957 4200 1148 4266 differentiam,
1160 4196 1211 4266 βγ.
