2754 4726
418 295 487 342 nm.
504 294 583 382 nur²
609 291 688 341 car.
704 294 752 341 vr.
781 291 880 341 sacr.
894 295 925 338 31.
940 294 973 338 rr.
1190 276 1251 340 263

128 447 292 536 praeteriti
319 446 472 531 temporis
498 444 712 532 pensitatione
719 471 728 521 ;
762 443 979 509 festinandum
1005 454 1114 511 autem
1141 443 1175 508 in
1202 443 1252 509 his

129 561 195 628 cst,
225 548 376 634 quoniam
403 557 547 612 maturae
575 546 720 611 celeriter
746 554 944 632 putrescunt.
980 542 1018 609 Si
1039 544 1253 629 deponantur,
1268 561 1315 606 104

128 652 251 718 caulem
273 649 404 713 mittunt
426 659 459 714 et
482 669 590 713 semen
611 647 764 732 ipsaeque
787 655 992 711 evanescunt.
1028 644 1090 711 Est
1111 656 1144 712 et
1166 646 1252 712 colo-

16 748 19 753 ’
127 775 200 818 rum
222 750 403 816 differentia
410 773 419 826 3
442 749 475 813 in
498 748 569 813 Isso
592 748 677 813 enim
700 758 731 813 et
748 745 909 813 Sardibus
921 745 1167 813 candidissimae
1177 769 1252 834 pro·

129 853 273 919 veniunt.
298 849 385 916 Sunt
406 851 439 915 in
461 849 581 915 honore
604 860 637 914 et
659 846 818 927 Creticae,
841 848 881 913 dc
904 846 1021 930 quibus
1043 846 1254 917 dubitantem

127 954 258 1020 eaedem
282 953 346 1017 sint
367 973 450 1036 quae
472 950 681 1031 Ascaloniae,
708 951 858 1035 quoniam
889 948 967 1014 satis
994 947 1102 1033 capita
1129 969 1252 1015 crasse-

128 1063 234 1130 scunt,
256 1053 414 1140 depositis
437 1052 536 1118 caulis
552 1062 584 1116 et
600 1074 725 1129 semen3
749 1051 872 1116 distant
888 1071 1002 1135 sapore
1017 1059 1143 1114 tantum
1158 1046 1253 1115 dulci.

128 1154 229 1240 Apud
260 1178 320 1220 nos
353 1155 417 1219 duo
445 1154 549 1238 prima
571 1175 710 1238 genera:
745 1175 844 1217 unum
867 1149 1136 1217 condimentariae
1157 1171 1254 1234 quam
1269 1166 1315 1212 105

127 1255 174 1320 illi
195 1255 348 1341 gethyon,
371 1255 471 1320 nostri
486 1254 684 1341 pallacanam
699 1263 830 1331 vocant,
855 1252 971 1318 seritur
981 1250 1147 1318 mensibus
1160 1249 1252 1316 Mar·

129 1357 191 1435 tio,
221 1357 345 1443 Aprili,
372 1357 479 1435 Maio;
517 1358 654 1422 altemm
680 1356 842 1440 capitatae
867 1376 950 1440 quae
982 1352 1023 1420 ab
1050 1354 1253 1439 aequinoctio

128 1459 276 1523 autumni
297 1457 348 1523 vel
369 1480 389 1523 a
409 1457 548 1523 favonio.
574 1453 703 1522 Genera
725 1456 795 1521 eius
818 1454 1015 1521 austeritatis
1032 1455 1144 1521 ordine
1159 1454 1251 1520 Airi-

130 1581 226 1635 cana,
249 1555 391 1638 Gallica,
419 1557 620 1636 Tusculana,
647 1557 838 1634 Ascalonia,
866 1555 1085 1634 Amitcmina3
1121 1568 1253 1642 optuma
1269 1570 1315 1616 100

128 1670 237 1725 autem
265 1681 348 1744 quae
376 1659 603 1726 rotundissima
610 1684 621 1736 ;
652 1658 730 1724 item
756 1658 832 1722 rufa
860 1657 965 1723 acrior
986 1678 1083 1741 quam
1104 1656 1251 1734 candida,

128 1760 214 1827 sicca
234 1782 332 1845 quam
352 1760 481 1838 viridis,
509 1768 543 1825 et
563 1758 664 1825 cruda
684 1781 782 1843 quam
804 1769 914 1836 cocta,
944 1759 1029 1824 sicca
1053 1780 1152 1843 quam
1174 1780 1251 1824 con-

127 1859 203 1925 dita
240 1857 365 1927 Seritur
386 1860 592 1925 Amiternina
620 1859 749 1945 [rigidis
770 1869 802 1924 et
824 1860 942 1925 umidis
963 1858 1043 1924 loois
1064 1870 1096 1924 ct
1119 1860 1187 1926 sola
1209 1858 1251 1923 ali

126 1961 221 2026 modo
241 1962 359 2047 capite,
378 1960 520 2046 reliquae
541 1959 672 2025 semine.
695 1958 860 2025 Proxuma
881 1981 964 2044 quae
985 1969 1106 2025 aestate
1128 1959 1251 2024 nullum

127 2085 234 2128 semen
256 2063 422 2140 emittunt,
452 2061 511 2128 sed
532 2071 631 2147 caput
652 2070 779 2125 tantum
800 2060 886 2145 quod
907 2060 1058 2126 inarescit
1064 2084 1073 2136 3
1105 2062 1251 2144 sequenti

126 2172 234 2228 autem
254 2185 338 2228 anno
359 2172 541 2249 permutata
562 2162 686 2228 ratione
710 2184 818 2228 semen
840 2162 1001 2250 gignitur,
1024 2171 1122 2248 caput
1142 2162 1250 2248 ipsum

124 2265 354 2350 comumpitur.
390 2264 481 2350 Ergo
508 2263 660 2330 omnibus
681 2263 775 2329 annis
808 2263 981 2349 separatim
1013 2285 1123 2329 semen
1150 2286 1249 2350 cepae

123 2387 224 2429 causa
256 2365 391 2444 seritur,
426 2365 600 2450 separatim
632 2387 730 2450 cepae
764 2365 896 2431 seminis
903 2389 912 2440 ;
946 2374 1115 2430 servantur
1142 2375 1249 2431 autem

125 2476 257 2551 optume
278 2466 312 2531 in
333 2467 447 2552 paleis.
484 2463 651 2551 Gethyum
672 2488 776 2551 paene
799 2465 868 2531 sine
890 2465 996 2552 capite
1018 2476 1085 2542 est,
1113 2466 1249 2531 cervicis
1265 2473 1310 2522 107

125 2576 247 2630 tantum
268 2567 382 2654 longae
404 2578 438 2632 et
458 2566 532 2632 ideo
553 2577 657 2632 totum
677 2566 712 2630 in
728 2565 854 2645 fronde,
877 2567 1068 2652 saepiusque
1085 2577 1249 2632 resecatur

124 2677 160 2730 ut
181 2689 329 2752 porrum3
352 2667 425 2733 ideo
446 2678 478 2732 et
500 2666 581 2734 illud
603 2677 725 2745 serunt,
748 2689 812 2733 non
824 2668 1000 2752 deponunt.
1024 2664 1248 2753 Ceterooepas

125 2777 174 2832 ter
194 2768 281 2832 fosso
302 2768 367 2833 seri
380 2768 492 2834 iubent
505 2768 691 2854 exstirpatis
706 2767 870 2834 radicibus
880 2767 1065 2844 herbarum,
1087 2766 1122 2831 in
1135 2767 1248 2853 iugera

124 2868 223 2934 denas
242 2868 358 2944 libram
381 2868 592 2935 intermisceri
614 2869 796 2947 satureiam,
817 2868 970 2954 quoniam
991 2866 1106 2933 melius
1127 2890 1246 2954 prove-

124 2969 203 3048 niat,
236 2970 366 3036 runcari
392 2981 559 3057 praeterea
587 2981 620 3036 ct
648 2970 758 3048 sariri,
793 2972 821 3036 si
850 2993 914 3037 non
942 2969 1087 3056 saepius,
1122 2980 1245 3053 quater.

123 3192 208 3240 corpus
225 3184 308 3226 tectum
321 3177 408 3243 pinpar'
421 3185 496 3240 cart,
513 3179 602 3229 Dalec.
630 3177 762 3226 tunicarum
784 3178 836 3227 iam
854 3176 949 3227 Sabell.
966 3177 1120 3236 coniecerat,
1143 3184 1169 3226 et
1185 3191 1245 3226 sane

123 3245 224 3295 Persius
237 3252 260 3306 4,
272 3252 314 3296 30.
326 3260 387 3308 cepo
400 3245 528 3295 tmicatmn
541 3246 608 3295 dicit

157 3314 242 3374 §102
268 3311 408 3372 E,Tacd.
430 3311 474 3374 Et,
485 3308 515 3374 β.
533 3352 565 3363 ..
587 3309 768 3373 wammam.
791 3309 987 3373 madantensi
1007 3353 1037 3362 -
1061 3312 1190 3371 eamean
1209 3327 1243 3360 se·

124 3386 176 3439 met,
188 3381 280 3431 Taod.
298 3380 396 3442 sauma,
407 3376 458 3445 βγ.

157 3444 172 3506 ἐ
187 3453 243 3496 103.
269 3446 423 3509 sterilescunt,
435 3449 489 3499 Tel.
509 3487 540 3496 ..
561 3445 699 3511 permittent,
715 3440 791 3497 Orc.
813 3445 955 3511 pemittant,
967 3442 1060 3512 αᾱβγ.
1085 3455 1126 3497 -’
1141 3454 1196 3506 tum,
1208 3447 1244 3496 ita

123 3528 171 3563 nos
183 3515 335 3578 scripsimus.
355 3531 415 3574 cum,
426 3516 492 3564 aad.
511 3521 571 3576 tuac,
582 3508 633 3578 βγ.
652 3556 683 3564 -
703 3522 807 3574 matura,
819 3518 864 3566 ad.
884 3556 916 3565 ..
931 3521 1112 3578 putrescente.

156 3582 171 3644 §
186 3587 241 3631 104.
268 3580 365 3643 ccakm,
381 3574 515 3632 oratur.
534 3588 558 3630 et
568 3579 666 3643 caulem,
678 3577 707 3642 β.
729 3621 756 3630 ..
776 3581 879 3641 mittunt,
895 3574 1013 3632 Oreos.
1037 3581 1151 3640 emittant,
1163 3575 1192 3639 β.
1213 3621 1242 3628 ..

123 3655 259 3709 sonentant,
276 3649 309 3699 K
333 3690 364 3699 ..
392 3649 514 3711 caecant,
526 3649 615 3700 Heius.
628 3652 684 3699 adv.
696 3665 721 3713 p.
735 3655 792 3699 460.
816 3691 847 3700 ..
874 3647 974 3709 inleso,
991 3649 1072 3701 Hard.
1090 3648 1121 3698 T.
1149 3647 1243 3706 amuco,

127 3706 220 3765 Osco.
242 3711 688 3781 Samo‚,9.apod1asm‚1’tnt.,v.
701 3717 832 3781 Theophr.
845 3719 862 3767 l.
875 3717 891 3766 l.
904 3716 966 3767 VII.
980 3724 1004 3776 4,
1017 3722 1041 3766 9.
1064 3756 1095 3765 -
1119 3731 1151 3763 arr
1162 3713 1243 3763 eadem

122 3781 177 3843 sint,
190 3784 214 3833 d.
238 3782 363 3833 incudem.
375 3783 431 3845 sint,
443 3799 464 3834 c.
488 3782 680 3845 ineadcmsuat,
692 3801 714 3834 a.
740 3825 771 3834 ..
795 3783 957 3845 Ascaloniae,
969 3799 993 3833 a.
1017 3823 1047 3832 ..
1070 3782 1244 3832 sataeradicar

123 3858 205 3913 ayunt,
221 3842 250 3900 θ.
269 3893 300 3901 ..
319 3850 396 3900 caula
407 3860 430 3900 et
440 3867 524 3913 semen,
539 3845 590 3901 Od.
608 3849 687 3900 caules
699 3859 722 3899 et
732 3867 817 3911 semen,
829 3867 851 3902 c.
870 3850 950 3900 caules
962 3859 984 3899 et
994 3850 1092 3910 semina,
1104 3846 1175 3913 8697·

155 3919 241 3980 §lon
266 3922 399 3983 perpacd.
420 3919 527 3983 petina.
546 3960 578 3969 ..
604 3917 775 3980 Gentianae.
795 3960 826 3968 -
844 3917 984 3979 Αεοαὶοηὶα,
1000 3912 1119 3969 OTacd.
1142 3914 1241 3979 Omss.

156 3988 241 4048 §loa
268 3983 311 4046 ati,
324 3989 366 4037 cd.
389 3985 481 4048 alima.
502 3982 625 4051 alllfsssl‘·
646 4027 676 4036 ..
699 3986 891 4047 emittit,Dalec.
916 4027 946 4037 ..
972 3985 1185 4044 {aureanalee
1211 4025 1241 4034 -

122 4061 208 4113 numm,
221 4069 272 4103 om.
285 4055 309 4103 d.
374 4064 377 4068 '

155 4119 170 4180 ξ
186 4125 242 4172 107.
273 4120 392 4180 Gentium,
405 4121 447 4171 cd.
469 4119 578 4181 Genium,
589 4137 612 4172 a
631 4122 664 4172 V.
677 4123 809 4186 Theophr.
823 4124 840 4173 l.
853 4124 871 4173 l.
883 4121 945 4172 VII.
959 4126 982 4182 4,
997 4127 1080 4171 10.’..
1100 4127 1240 4178 resecantur,

123 4203 163 4236 ac.
184 4230 214 4238 ..
233 4188 317 4251 sorec,
336 4190 399 4238 aod.
421 4187 492 4249 fosso
512 4187 575 4250 solo,
593 4184 645 4254 βγ,
672 4188 714 4240 Ita
731 4191 823 4241 dicitur
838 4191 933 4240 subacto
951 4191 965 4252 ξ
984 4194 1039 4239 149.
1063 4227 1094 4236 -
1117 4186 1201 4246 sariri,
1217 4189 1240 4236 d.

121 4270 246 4314 euersae.
