2754 4726
119 126 159 192 62
469 136 671 186 sirannus
693 133 888 184 mesonma

118 315 203 360 anno
222 291 280 378 ¹qui
293 289 354 354 fuit
368 288 437 353 sine
450 287 691 374 magistratibus
705 307 877 351 cccnxm.
893 285 985 350 urbis
998 279 1077 350 aede
1092 281 1234 363 condita,

117 394 286 460 incertum·
305 385 383 474 ipsa'
409 400 528 472 quanto
559 388 728 464 vetustior3
763 410 834 453 esse
866 385 996 471 quidem
1028 386 1236 452 vetustiorem

118 517 184 558 non
205 502 254 559 est
275 490 423 567 dubium,
457 512 530 555 cum
554 488 597 553 ab
625 510 664 554 eo
684 488 757 552 luco
778 487 906 552 Lucina
926 487 1122 566 nominetur3
1155 486 1236 551 haec

119 617 205 658 nunc
226 591 352 658 circiter
372 613 491 655 annum
512 610 619 655 cacan.
640 589 746 654 habet.
769 585 946 672 ¹Antiquior
961 598 1020 666 est,
1044 587 1102 652 sed
1114 587 1237 654 incerta

120 696 189 762 eius
203 704 300 771 aetas,
321 714 403 776 quae
417 689 564 776 capillata
578 689 705 767 dicitur,
720 689 869 773 quoniam
880 687 1060 754 Vestalium
1073 687 1236 774 virginum

119 797 254 883 capillus
275 793 318 858 ad
339 815 409 858 eam
430 790 579 856 defertur.

161 899 213 962 86.
245 894 368 960 Verum
388 892 489 957 altera
508 891 592 957 lotos
611 892 646 955 in
665 890 848 969 volcanali,
874 890 961 975 quod
981 889 1137 956 Romulus
1158 911 1235 955 con·
1249 906 1279 950 ns

120 998 221 1064 stituit
241 1018 281 1060 ex
302 993 435 1058 victoria
456 993 496 1058 de
519 992 673 1070 decumis,
696 1014 859 1076 aequaeva
880 992 953 1057 urbi
971 991 1177 1076 intellegitur,
1199 1002 1237 1058 ut

120 1110 232 1166 auctor
252 1105 302 1161 est
321 1093 522 1169 Massurius3
549 1094 674 1159 radices
695 1094 764 1158 eius
784 1093 819 1157 in
839 1094 942 1158 forum
963 1115 1065 1177 usque
1087 1091 1238 1158 Caesaris

119 1223 180 1289 per
193 1198 347 1265 stationes
360 1193 607 1280 municipiorum
621 1204 800 1279 penetrant.
821 1193 901 1258 Fuit
919 1216 993 1259 cum
1012 1215 1051 1259 ea
1065 1216 1238 1290 cupressus

121 1299 262 1386 aequalis
284 1297 369 1362 circa
390 1317 537 1382 suprema
549 1295 687 1361 Neronis
707 1295 862 1381 principis
883 1296 1033 1381 prolapsa
1047 1307 1142 1379 atque
1155 1317 1237 1382 neg-

120 1406 212 1470 lecta.
1177 1403 1183 1412 “

162 1504 214 1568 87.
240 1498 406 1566 Vetustior
425 1507 534 1562 autem
554 1495 634 1561 urbe
656 1497 690 1560 in
710 1495 868 1561 Vaticano
889 1497 964 1576 ilex,
986 1498 1019 1560 in
1040 1519 1104 1581 qua
1126 1498 1238 1567 titulus
1250 1510 1279 1556 2³

121 1601 223 1669 aereis
248 1597 363 1664 litteris
388 1593 535 1661 Etruscis
567 1596 720 1684 religione
748 1595 894 1663 arborem
919 1598 984 1662 iam
1013 1609 1081 1663 tum
1107 1599 1238 1684 dignam

121 1705 221 1769 fuisse
236 1698 404 1786 significat.
428 1696 580 1762 Tiburtes
603 1719 730 1782 quoque
751 1698 908 1783 originem
922 1701 1022 1765 multo
1036 1709 1109 1763 ante
1123 1698 1239 1764 urbem

120 1806 257 1871 Romam
276 1799 410 1875 habent3
436 1799 523 1884 apud
552 1821 607 1864 eos
630 1809 758 1864 exstant
777 1798 866 1864 ilices
889 1810 954 1864 tres
976 1799 1072 1865 etiam
1092 1797 1238 1865 Tiburno

124 1906 288 1974 conditore
310 1923 420 1966 eorum
439 1902 642 1976 vetustiores,
664 1900 751 1984 apud
765 1922 845 1984 quas
859 1900 1069 1987 inauguratus
1084 1900 1237 1977 traditum

120 2008 221 2072 finisse
242 2012 351 2067 autem
372 2023 446 2064 eum
466 2000 597 2064 tradunt
621 2000 722 2064 filium
743 2001 934 2087 Amphiarai
960 2003 1016 2087 qui
1044 2002 1131 2088 apud
1150 2000 1237 2066 The·

122 2108 182 2173 bas
203 2103 318 2170 obierit
338 2123 402 2166 una
423 2111 529 2165 aetate
550 2111 626 2165 ante
646 2100 781 2165 Iliacum
801 2101 929 2168 bellum.
1023 2099 1026 2104 ’
1275 2121 1279 2130 ·

165 2207 216 2271 88.
250 2202 334 2268 Sunt
360 2210 506 2266 auctores
535 2210 567 2265 et
587 2200 777 2287 Delphicam
799 2203 963 2287 platanum
986 2202 1239 2291 Agamemnonis
1252 2215 1279 2260 rs

123 2329 219 2370 manu
250 2314 351 2368 satam
383 2310 415 2365 et
446 2301 576 2366 alteram
602 2301 637 2366 in
667 2299 810 2388 Caphyis
842 2303 1003 2370 Arcadiae
1034 2304 1116 2369 luco.
1154 2300 1241 2368 Sunt

122 2405 217 2471 hodie
250 2426 291 2467 ex
322 2402 457 2467 adverso
488 2401 655 2467 Iliensium
687 2402 776 2466 urbis
807 2403 898 2468 iuxta
929 2404 1174 2490 Hellespontum
1205 2405 1239 2469 in

122 2503 292 2570 Protesilai
312 2504 383 2588 ipso
406 2501 573 2586 sepulchro
594 2501 736 2581 arbores,
758 2525 838 2587 quae
860 2504 1006 2570 omnibus
1028 2528 1127 2571 exeo
1149 2505 1240 2570 aevis

124 2629 197 2672 cum
223 2605 257 2668 in
284 2614 406 2668 tantum
431 2603 605 2668 adcrevere
643 2615 680 2668 ut
707 2603 803 2668 Ilium
828 2605 1022 2692 adspicient,
1054 2607 1239 2671 inarescunt

124 2728 296 2790 rursusque
318 2704 522 2779 adulescunt3
544 2704 633 2768 iuxta
655 2704 768 2772 urbem
788 2717 895 2771 autem
917 2729 1055 2792 quercus
1075 2706 1110 2772 in
1124 2707 1166 2772 Ili
1187 2717 1239 2773 tu·
1277 2726 1279 2730 “

124 2808 211 2872 mulo
233 2818 309 2870 tunc
331 2814 417 2870 satae
438 2803 597 2881 dicuntur,
620 2826 693 2869 cum
714 2800 819 2891 coepit
838 2807 934 2873 Ilium
955 2808 1072 2874 vocari.
1138 2823 1140 2831 '

159 3013 242 3073 5235.
258 3008 463 3072 comilis,
475 3016 550 3079 Pigh.
563 3014 657 3064 annall.
670 3019 692 3074 l,
703 3018 769 3074 254,
780 3014 891 3077 Poggini
907 3014 939 3063 ad
956 3012 1013 3063 last.
1021 3015 1151 3064 Praenest
1162 3028 1187 3077 p.
1198 3020 1239 3064 ²2.

129 3074 386 3139 scamnis.
405 3119 433 3128 ..
459 3083 505 3142 ubi,
519 3084 543 3131 d.
561 3123 592 3131 -
611 3089 699 3145 quanto
710 3080 772 3144 ipsa,
788 3082 841 3132 Τὰ.
860 3122 892 3130 ..
913 3079 1036 3143 GCCGL,
1049 3082 1130 3130 omitt
1143 3082 1187 3130 sd.
1211 3119 1236 3128 ..

126 3142 255 3205 Antiquior
271 3151 316 3205 ert,
334 3146 370 3194 ita
386 3161 433 3196 nos
449 3150 600 3212 scripsimus.
627 3147 794 3210 antiqninrm,
811 3165 834 3198 a
860 3148 992 3212 antiquior,
1008 3150 1032 3198 d.
1058 3147 1180 3211 antiquior
1196 3146 1241 3197 iila

127 3218 175 3341 m}
185 3206 245 3327 litit.
262 3277 330 3337 alter,
341 3280 386 3328 ad.
405 3320 436 3328 ..
454 3277 491 3340 de,
503 3282 584 3330 omitt.
597 3281 641 3329 ad.

160 3346 245 3407 §aaa
268 3344 317 3393 iam
333 3352 387 3407 tum,
403 3338 473 3396 dud.
500 3347 548 3395 iam
564 3354 629 3408 tuno,
645 3343 674 3409 β.
693 3389 725 3398 -
751 3349 854 3414 sipnant,
870 3351 902 3401 Κ.
920 3391 952 3400 ..
980 3337 1150 3410 Tiburnaad
1168 3347 1240 3411 (eod.

127 3411 243 3462 Torreat.
260 3415 293 3462 ad
307 3413 397 3462 Horat.
415 3429 490 3463 carm.
507 3413 631 3477 1.7‚1e.)
661 3415 767 3478 itturte,
782 3420 856 3468 codd.
872 3419 985 3480 Barbari,
1001 3419 1035 3468 Κ.
1066 3417 1170 3476 liberto,
1187 3413 1240 3482 βγ.

126 3480 161 3528 V.
172 3480 255 3529 Hand.
269 3481 302 3528 ad
314 3479 377 3531 Stat.
389 3481 444 3529 silv.
455 3483 477 3532 Ι.
489 3489 513 3544 8,
528 3487 566 3533 74.
577 3499 603 3546 p.
615 3490 672 3533 443.

160 3545 246 3606 §238.
272 3543 382 3611 Caplyia
395 3549 525 3613 Theophr.
537 3551 554 3599 1.
566 3551 583 3599 l.
596 3551 643 3600 1v.
657 3557 697 3612 13,
709 3558 732 3601 2.
759 3548 873 3615 Gapliiar,
889 3545 917 3601 θ.
944 3548 1044 3615 Captis,
1062 3554 1106 3601 ad.
1126 3592 1158 3602 ..
1182 3549 1242 3615 lucc,

128 3627 178 3662 om.
187 3613 254 3663 Pint.
268 3654 299 3662 -
311 3613 443 3664 Protesilai
452 3615 643 3680 ipso‘repulclrro,
655 3621 690 3668 ita
700 3634 748 3670 nos
760 3621 912 3684 scripsimus.
931 3618 1059 3668 statuitis
1070 3618 1124 3682 ipsa
1133 3616 1242 3684 pulvim,

127 3682 171 3731 ar¹
180 3684 197 3729 ².
219 3679 352 3731 Protesilia
363 3682 387 3731 in
397 3682 525 3746 sepulchro,
538 3688 562 3734 d.
584 3685 716 3734 Protesilai
724 3685 837 3748 sepulcro,
849 3682 899 3749 βγ.
918 3727 950 3735 ..
969 3703 998 3735 es
1009 3703 1036 3734 eo
1046 3686 1119 3747 aevu,
1131 3687 1242 3738 Salmas.

127 3761 208 3797 exerc.
220 3764 245 3812 p.
259 3755 315 3799 610.
327 3750 351 3799 b.
360 3752 390 3800 F.
400 3751 565 3803 'Confirmant
575 3754 619 3802 D2
630 3751 700 3814 (cod.
712 3754 788 3803 Voss.
800 3755 833 3802 a'd
842 3754 905 3802 Mel.
916 3756 951 3804 11.
965 3761 1026 3819 ap.
1037 3751 1107 3816 684.)
1133 3754 1243 3816 eufoaa

127 3814 170 3875 bra,
181 3817 219 3866 Ι)1
238 3814 351 3878 (Thuan.
363 3834 403 3881 ap.
416 3817 537 3882 Salmas.)
563 3820 658 3881 eusebis,
671 3823 695 3869 d.
717 3818 818 3881 aneon,
830 3837 852 3869 a
875 3821 955 3883 esebe‘s,
972 3823 1068 3886 Rigalt.
1090 3820 1200 3885 ephebica
1212 3818 1243 3884 β.
1264 3821 1269 3829 ’

127 3881 199 3943 aevia
210 3897 235 3947 γ.
255 3924 286 3932 -
304 3882 444 3948 adspiciunt,
456 3904 479 3937 a.
498 3928 529 3936 ..
548 3895 609 3947 tuuc,
621 3904 644 3936 a
662 3901 721 3946 cum,
734 3887 758 3934 d.
776 3927 807 3934 ..
825 3903 885 3948 cum,
897 3903 947 3937 om.
961 3891 985 3939 d.

161 3948 246 4009 §aaa
265 3951 402 4013 etiamnunc,
415 3970 437 4002 a
455 3953 588 4015 etiamnum,
601 3949 672 4018 θᾱγ.
691 3952 840 4014 nuncetiam,
851 3948 881 4014 β.
901 3997 931 4004 ..
951 3963 1052 4018 taurum,
1063 3958 1166 4007 DTad.
1184 3956 1244 4006 Iam

128 4029 186 4065 cum
202 4033 304 4082 prorsus
321 4021 354 4068 sit
370 4022 516 4070 incredibile
532 4022 600 4069 hanc
617 4021 764 4083 scripturam
782 4035 828 4084 pro
846 4023 1000 4085 glossemate
1015 4025 1127 4073 nominis
1144 4039 1244 4072 uaccam

100 4108 103 4113 ·
128 4085 278 4149 adscriptam
290 4086 380 4147 inisse,
397 4088 461 4137 mihi
473 4102 618 4152 persuasum
632 4095 670 4138 est
680 4087 792 4138 Plinium
805 4089 882 4138 bouem
894 4092 1035 4154 scripsisse,
1052 4093 1093 4141 cni
1104 4091 1207 4154 glossae
1219 4101 1246 4142 et
