2754 4726
126 313 186 378 148
478 321 682 371 ueruanms
704 319 898 368 nrsromss

123 489 248 566 patrem
267 475 420 553 familias,
443 473 590 560 quisquis
607 473 749 540 interdiu
768 472 888 538 faceret
909 469 996 554 quod
1010 480 1108 535 noctu
1123 481 1250 554 posset,

122 579 185 646 nisi
205 578 239 641 in
262 587 451 663 tempestate
473 575 563 656 caeli,
584 574 727 662 peiorem
749 574 805 659 qui
825 571 979 660 profestis
999 571 1115 636 diebus
1136 583 1251 658 ageret

122 679 210 763 quod
234 678 359 744 feriatis
388 676 537 756 deberet,
569 676 747 764 pessimum
773 674 830 759 qui
859 695 971 739 sereno
997 672 1049 737 die
1079 670 1250 737 subtecto

122 780 231 866 potius
252 789 439 865 operaretur
459 799 556 863 quam
576 776 611 840 in
633 797 723 863 agro.
744 774 880 859 Nequeo
895 773 974 841 mihi
988 784 1168 858 temperare
1183 795 1249 858 quo
1261 792 1291 836 41

120 881 228 946 minus
241 902 343 945 unum
358 878 539 964 exemplum
558 875 760 961 antiquitatis
779 876 935 953 adferam,
960 896 1000 938 ex
1019 894 1083 957 quo
1102 873 1249 960 intellegi

120 981 224 1068 possit
249 980 338 1067 apud
363 979 517 1066 populum
539 977 635 1042 etiam
657 977 698 1042 de
719 977 854 1047 culturis
872 975 991 1062 agendi
1005 996 1127 1040 morem
1149 975 1249 1041 fuisse

122 1083 322 1169 qualiterque
344 1079 475 1145 defendi
497 1077 581 1145 soliti
602 1077 666 1143 sint
684 1076 730 1142 illi
753 1076 823 1143 viri.
853 1074 892 1141 C.
914 1074 1035 1141 Furius
1059 1073 1250 1144 Chresimus

120 1205 139 1248 e
162 1181 317 1248 servitute
337 1179 509 1258 liberatus,
532 1201 606 1245 cum
623 1179 657 1244 in
671 1200 772 1263 parvo
786 1178 959 1242 admodum
973 1176 1077 1264 agello
1091 1177 1249 1264 largiores

121 1286 221 1350 multo
249 1283 374 1348 suetus
401 1281 584 1367 perciperet
611 1302 708 1366 quam
736 1302 776 1345 ex
798 1278 1002 1364 amplissimis
1024 1277 1191 1359 vicinitas,
1213 1280 1248 1345 in

122 1385 246 1450 invidia
267 1405 386 1471 magna
408 1391 494 1460 erat,
525 1403 586 1447 ceu
606 1381 719 1470 fruges
741 1380 860 1447 alienas
880 1379 1050 1467 perliceret
1070 1381 1247 1448 veneficiis.

123 1483 342 1566 Quamobrem
364 1482 405 1548 ab
429 1480 488 1569 Sp.
508 1481 630 1548 Albino
652 1482 755 1549 curuli
776 1481 880 1548 aedile
901 1481 954 1547 die
975 1481 1076 1560 dicta,
1098 1492 1250 1549 metuens
1259 1498 1293 1543 ee

121 1585 373 1664 damnationem,
396 1607 471 1650 oum
487 1584 522 1648 in
542 1583 732 1670 suffragium
747 1582 849 1649 tribus
864 1592 1025 1669 oporteret
1037 1581 1100 1661 ire,
1122 1583 1246 1650 instru-

119 1696 262 1752 mentum
278 1685 549 1751 rusticumomne
570 1685 605 1749 in
626 1683 733 1749 lorum
754 1683 861 1749 attulit
883 1694 916 1749 et
937 1683 1072 1749 adduxit
1090 1683 1248 1750 familiam

120 1786 260 1853 validam
292 1796 404 1870 atque,
441 1795 478 1849 ut
509 1783 555 1848 ait
582 1784 679 1863 Piso,
716 1784 800 1850 bene
832 1799 975 1851 curatam
1007 1806 1045 1850 ac
1078 1785 1247 1866 vestitam,

119 1878 313 1953 ferramenta
324 1885 456 1975 egregie
471 1885 573 1964 facta,
596 1884 704 1974 gravis
718 1885 858 1974 ligones,
880 1907 1024 1951 vomeres
1037 1885 1247 1971 ponderosos,

120 1989 220 2057 boves
242 1999 378 2055 saturos.
410 1986 531 2054 Postea
553 1987 649 2052 dixit:
677 1987 830 2054 veneficia
855 2009 943 2065 mea,
974 1984 1137 2067 Quirites,
1165 1987 1294 2056 haecce

121 2099 197 2154 sunt
228 2111 288 2154 neo
318 2111 450 2175 possum
481 2087 574 2153 vobis
606 2088 776 2153 ostendere
808 2087 923 2153 autin
949 2086 1055 2153 forum
1083 2087 1251 2156 adducere

119 2189 356 2254 lucubrationes
376 2210 464 2253 meas
481 2187 674 2274 vigiliasque
694 2199 726 2253 et
742 2189 885 2255 sudores.
908 2187 1063 2254 Omnium
1077 2190 1249 2256 sententiis

121 2288 286 2354 absolutus
307 2288 416 2372 itaque
438 2299 498 2353 est.
520 2287 673 2353 Profecto
694 2310 793 2374 opera
813 2290 949 2375 inpensa
970 2289 1094 2355 cultura
1107 2300 1249 2371 constat,

121 2399 153 2453 et
180 2388 254 2453 ideo
279 2388 417 2459 maiores
444 2388 675 2454 fertilissimum
701 2388 736 2452 in
763 2412 842 2476 agro
869 2391 996 2456 oculum
1025 2390 1147 2456 domini
1174 2414 1248 2458 esse

120 2488 282 2554 dixerunt.
303 2488 441 2574 Reliqua
454 2500 626 2577 praecepta
640 2490 817 2556 reddentur
832 2492 899 2557 suis
912 2491 1001 2569 locis,
1016 2512 1099 2575 quae
1113 2493 1248 2578 propria
1259 2505 1294 2550 44

119 2609 274 2674 generum
302 2590 499 2678 singulorum
526 2591 625 2670 erint3
654 2591 782 2657 interim
804 2592 973 2658 conmunia
1000 2613 1084 2678 quae
1111 2614 1246 2659 succur-

119 2701 195 2756 runt
226 2712 291 2756 non
322 2692 505 2759 omittemus
539 2704 571 2758 et
604 2692 637 2756 in
670 2693 784 2778 primis
814 2690 946 2759 Catonis
976 2693 1246 2760 humanissimum

119 2791 401 2878 utilissimumque,
422 2794 457 2858 id
481 2794 643 2880 agendum
665 2806 702 2859 ut
723 2795 858 2882 diligant
873 2795 993 2873 vicini3¹
1009 2817 1124 2860 causas
1137 2795 1248 2860 reddit

119 2893 172 2959 ifle
179 2917 188 2970 3
218 2915 277 2959 nos
304 2894 535 2964 existumamus
561 2895 641 2960 nulli
668 2917 741 2962 esse
763 2896 888 2962 dubias.
922 2896 1012 2962 Inter
1032 2895 1137 2982 prima
1156 2895 1247 2963 idem

151 3067 269 3131 possita
290 3109 321 3119 ..
336 3069 459 3134 professu,
471 3072 515 3120 ad.
536 3109 566 3118 ..
586 3075 724 3133 operaretur
732 3069 819 3131 potrus,
832 3071 856 3118 d.

153 3195 168 3255 ἱ
181 3199 222 3242 41.
244 3191 310 3251 mili,
322 3209 345 3242 a
367 3210 404 3243 me
414 3175 445 3256 ir,
459 3198 482 3246 d.
500 3211 544 3256 me,
556 3195 588 3245 Τ.
608 3235 639 3246 ...
657 3209 752 3256 morem,
764 3196 809 3244 ad.
826 3189 926 3254 modum,
939 3184 998 3242 din
1010 3195 1197 3244 emendatione.
1211 3235 1244 3245 ..

119 3256 275 3320 qualiterque,
292 3251 408 3310 OTadr.
435 3261 544 3323 qualiter,
559 3257 589 3322 β.
607 3304 638 3312 -
666 3260 809 3322 Circeium,
827 3262 863 3310 ita
874 3275 922 3310 nos
934 3261 1086 3324 scripsimus.
1116 3258 1246 3324 Cresimus,

123 3317 173 3374 od.
194 3322 381 3387 erectaeque
407 3323 592 3388 0rescimuaal.
618 3328 744 3390 Cresimus,
757 3331 830 3379 codd.
843 3329 1042 3389 Turmadmtlo,
1056 3335 1096 3380 18.
1124 3327 1246 3392 Urseium

118 3386 171 3457 βγ.
189 3432 221 3442 ..
236 3389 369 3456 perliceret,
382 3408 405 3441 a.
419 3390 548 3456 pelliceret,
560 3389 633 3457 dssr.
649 3434 684 3454 ,..
702 3396 756 3443 veui
774 3395 824 3458 ciis,
836 3412 859 3446 a.

154 3483 223 3545 §42
241 3484 280 3545 ab,
292 3499 316 3533 a.
339 3499 364 3545 a,
378 3478 450 3547 ᾱβγ.
468 3524 499 3532 ..
518 3481 609 3546 aedile;
628 3485 653 3534 h.
666 3501 689 3534 r.
701 3501 748 3536 nos
759 3488 919 3549 inseruimus,
936 3502 994 3538 cum
1005 3486 1084 3537 cameli
1094 3489 1249 3553 simpliciter

120 3551 215 3603 dictum
231 3551 331 3602 nullum
343 3566 444 3602 sensum
455 3552 581 3614 praebeat.
599 3552 688 3602 Omitt.
701 3549 797 3616 adstr,
815 3563 840 3605 et
851 3571 928 3618 quam
940 3555 1014 3606 facile
1026 3556 1109 3606 omitti
1122 3559 1248 3620 potuerit,

119 3633 172 3670 non
185 3628 223 3672 est
234 3621 305 3684 quod
316 3621 430 3669 doceam.
441 3657 473 3667 ..
484 3616 619 3680 familiam,
627 3619 706 3669 Hard.
716 3618 807 3683 filiam,
816 3619 885 3684 adli·

135 3709 223 3771 Ι5411.
250 3709 368 3775 beneficia,
385 3711 409 3760 d
430 3749 461 3759 -
491 3707 608 3772 Omnium,
620 3725 636 3758 a
654 3709 740 3773 (codd.
754 3711 824 3775 Gel.)
853 3714 973 3776 Omnibus,
990 3716 1043 3766 Τά
1061 3755 1093 3765 ..
1121 3715 1248 3767 absolutus

120 3776 201 3842 itaque
212 3785 253 3828 ert.
267 3778 387 3842 Prry'eeto,
400 3779 461 3829 adr.
480 3775 607 3828 absolutae.
620 3774 707 3841 Itaque
718 3787 752 3828 est
760 3782 875 3845 profecto,
888 3786 961 3834 codd.
972 3783 1029 3835 Gal.
1040 3776 1069 3844 β.
1083 3822 1115 3832 ..
1134 3783 1246 3848 inpensa,

120 3862 143 3899 e.
159 3860 207 3895 am
217 3846 332 3910 impensa,
344 3840 416 3910 ᾱβγ.

153 3941 221 4005 ς44.
239 3934 308 4002 brial,
319 3953 342 3990 a.
360 3945 436 4002 erum,
449 3939 465 3987 d
470 3934 520 4003 βγ.
538 3937 577 3990 At
586 3953 611 3989 r.
618 3937 776 3991 Lachmann.
788 3944 821 3992 ad
830 3942 887 3993 Gai.
897 3943 918 3993 1.
931 3945 945 4008 5
957 3949 1013 3995 146.
1025 3959 1050 4008 p.
1062 3946 1102 3995 75.
1115 3949 1141 3992 et
1152 3943 1245 3994 Halm.

118 4007 186 4063 anal
195 4006 265 4057 ’11111
277 4010 299 4057 l.
308 4021 332 4072 p.
341 4011 366 4057 8.
376 4047 408 4057 ..
423 4003 519 4056 &aaa
530 4007 562 4056 de
572 4021 600 4056 re
610 4014 672 4058 rust.
685 4014 708 4058 4.
724 4049 755 4059 ..
769 4007 969 4075 utilissimumque,
985 4005 1064 4062 ond.
1082 4009 1245 4074 utilissimum,

118 4096 141 4133 ς.
159 4080 183 4126 et
193 4070 348 4136 masuam,
359 4068 388 4137 β.
399 4115 431 4124 ..
443 4071 562 4140 diliquut',
574 4077 598 4125 d.
608 4115 640 4124 ..
658 4071 736 4137 vicini,
750 4077 774 4125 d.
791 4075 882 4138 vicium,
894 4093 917 4128 a.
935 4095 960 4127 se
971 4077 1049 4139 vieini,
1065 4070 1094 4127 θ.
1108 4119 1140 4128 -
1158 4078 1244 4129 reddi-

117 4145 161 4209 dit,
173 4143 198 4193 d.
215 4138 346 4192 redditrlle
355 4157 448 4204 musar,
460 4159 481 4193 r.
500 4183 529 4192 ..
548 4157 598 4205 uos,
614 4134 692 4192 θΤᾱ.
711 4158 778 4206 quar,
790 4138 819 4204 β.
832 4144 889 4196 Om.
901 4160 925 4195 a.
945 4187 976 4197 ..
994 4143 1085 4207 dubios,
1096 4162 1120 4195 a
1140 4185 1171 4195 ..
1191 4162 1245 4209 uec,

117 4218 154 4275 tt'·
175 4247 205 4261 ,
227 4205 290 4258 male
299 4208 339 4272 eit,
350 4211 382 4263 Τ.
402 4209 466 4260 male
476 4209 532 4272 siaa
543 4227 566 4262 a.
589 4209 668 4260 malae
679 4209 733 4274 siut,
750 4206 821 4276 ὀβγ.
844 4213 877 4264 V.
890 4213 1038 4265 Schneider.
1055 4215 1087 4264 sd
1100 4213 1156 4264 Oet.
1169 4216 1203 4264 dc
1215 4231 1245 4266 ra

115 4290 178 4352 mr,
192 4281 216 4341 b,
228 4281 252 4328 l.
271 4316 301 4327 ..
320 4277 412 4342 elerum
424 4294 447 4330 a.
465 4278 601 4343 iterumque,
613 4274 687 4343 ᾶβγ.
709 4319 733 4328 -
756 4288 786 4342 et,
799 4283 843 4332 ad.
862 4296 899 4343 er,
910 4295 936 4346 γ.
