2754 4726
162 311 245 377 aad·
513 323 717 372 nnruanms
739 321 934 370 msroama

162 479 266 544 tisana
288 484 409 539 tantum
430 474 463 537 in
488 473 567 538 cibis
589 466 739 540 leviorem
754 474 987 560 gratioremque
1013 491 1159 558 saporem
1184 496 1283 560 prae·

162 588 235 644 stat.
260 575 415 642 Silvestre
436 575 477 639 ad
499 575 600 651 multa
621 575 833 640 medicamina
854 575 932 641 utile
955 585 1013 651 est,
1036 572 1182 658 adeoque
1203 574 1285 639 nihil
1357 574 1362 583 '

160 679 268 746 omisit
295 700 372 743 cura
398 687 435 740 ut
461 677 600 741 carmine
621 697 747 760 quoque
770 675 1024 761 conprehensum
1043 675 1218 760 reperiam,
1247 675 1283 740 in

160 779 242 845 labis
264 778 387 864 caprini
408 776 474 840 limi
498 777 634 864 singulis
656 777 778 842 cavatis
800 777 827 841 si
849 776 947 865 porri,
976 797 1102 854 erucae,
1123 775 1281 854 lactucae,

160 880 226 967 api,
247 878 361 956 intubi,
383 878 521 941 nasturti
543 877 664 943 semina
685 876 812 943 inclusa
825 887 983 954 serantur,
1004 877 1084 941 mire
1098 876 1280 961 provenire.

160 979 254 1064 Quae
277 990 352 1045 sunt
372 989 404 1042 et
425 977 594 1063 silvestria,
615 978 728 1044 eadem
749 977 782 1042 in
805 977 916 1044 satiris
939 977 1072 1043 sicciora
1085 976 1280 1066 intellegun-

159 1088 213 1148 tn'r
232 1093 266 1147 et
287 1079 419 1145 acriora.

202 1183 253 1246 61.
285 1178 435 1263 Namque
461 1188 493 1242 et
518 1200 667 1243 sucorum
696 1199 909 1264 saporumque
935 1177 1072 1244 dicenda
1097 1168 1280 1245 differentia
1294 1197 1337 1241 rsa

159 1293 209 1347 est
228 1280 281 1346 vel
303 1278 404 1343 maior
424 1279 458 1343 in
478 1277 532 1342 his
554 1300 650 1362 quam
671 1279 705 1346 iu
726 1279 840 1377 pomis.
874 1276 959 1344 Sunt
979 1290 1084 1345 autem
1106 1301 1198 1346 acres
1220 1303 1278 1346 ou-

158 1383 258 1461 ndae,
280 1380 420 1467 origani,
447 1381 599 1456 nasturti,
630 1380 770 1467 sinapis,
793 1381 893 1445 amari
920 1379 1077 1467 apsinthi,
1104 1382 1278 1459 centaurei,

158 1482 313 1568 aquatiles
339 1480 527 1557 cucumeris,
554 1480 749 1560 cucurbitae,
781 1482 937 1560 lactucae,
965 1481 1052 1548 acuti
1071 1481 1192 1566 thymi,
1220 1503 1277 1547 ou·

157 1584 253 1663 nilaa,
280 1581 366 1648 acuti
388 1591 420 1647 et
441 1580 565 1646 odorati
587 1583 652 1667 api,
678 1582 776 1661 aneti,
804 1581 943 1647 feniculi.
978 1579 1092 1648 Salsus
1112 1592 1277 1648 tantume

157 1684 327 1769 saporibus
353 1702 417 1747 non
448 1681 590 1746 nascitur
620 1681 684 1746 nisi
711 1681 745 1745 in
771 1682 954 1760 cicerculis,
992 1683 1050 1749 sed
1076 1683 1276 1749 extrinsecus

157 1784 249 1869 quasi
271 1781 377 1868 pulvis
398 1780 553 1847 insidet·
621 1829 624 1834 ,

161 1884 168 1905 ”
199 1885 251 1950 62.
281 1883 393 1966 Atque
413 1892 452 1947 ut
471 1881 676 1971 intellegatur
697 1904 781 1948 vana
802 1905 861 1948 ceu
882 1885 1072 1971 plerumque
1092 1884 1179 1950 vitas
1199 1905 1275 1971 per-
1289 1896 1330 1944 ret

156 1984 276 2062 suasio,
296 2005 405 2071 panax
426 1983 548 2070 piperis
570 2005 718 2070 saporem
736 1984 843 2050 reddit
862 1996 894 2050 et
913 1985 1018 2074 magis
1032 1984 1129 2050 etiam
1142 1985 1275 2070 siliqua·

102 2081 106 2088 ’
157 2097 277 2163 strum,
304 2085 346 2150 oh
372 2080 407 2148 id
433 2084 616 2170 piperitidis
643 2084 771 2150 nomine
792 2097 941 2173 accepto;
973 2085 1125 2153 libanotis
1143 2086 1275 2152 odorem

156 2187 248 2260 turis,
271 2184 450 2268 zmyrnium
472 2202 609 2249 murrae·
630 2183 683 2248 De
702 2207 824 2272 panace
846 2187 974 2253 abunde
995 2184 1118 2252 dictum
1134 2198 1193 2253 est.
1215 2185 1274 2252 Li·

155 2285 282 2351 banotis
302 2283 380 2349 loeis
402 2284 552 2368 putribus
574 2294 606 2348 et
627 2286 742 2351 macris
763 2309 803 2352 ac
823 2287 960 2353 roscidis
982 2287 1113 2365 seritur3
1133 2288 1273 2354 radicem

154 2384 251 2452 habet
270 2384 414 2464 olusatri,
436 2383 516 2450 nihil
537 2396 607 2449 ture
629 2385 832 2453 differentem
838 2413 848 2467 3
870 2410 951 2454 usus
972 2388 1042 2454 eius
1063 2399 1137 2474 post
1155 2410 1273 2455 annum

155 2485 320 2555 stomacho
342 2485 587 2564 saluberrimus;
609 2486 740 2570 quidam
758 2510 829 2552 eam
842 2489 970 2554 nomine
984 2489 1048 2554 alio
1061 2489 1273 2554 rosmarinum

189 2663 274 2725 §lau
302 2661 458 2719 eupalimna,
471 2660 568 2722 Appul.
591 2673 644 2706 cum
656 2667 765 2723 typicae,
778 2662 801 2709 d.
830 2676 881 2709 caaz
894 2661 975 2722 trinta,
988 2677 1008 2710 c.
1032 2661 1217 2720 cunctisatcaa.
1240 2700 1269 2708 ..

154 2725 331 2787 medicamenta,
343 2744 363 2776 r.
387 2766 418 2776 ..
433 2725 581 2789 prehensum,
593 2728 659 2774 aed.
679 2766 709 2775 ..
729 2727 813 2790 reperi,
825 2744 848 2777 a.
867 2769 898 2777 -
917 2727 1056 2789 infodias„
1065 2727 1145 2790 fabis,
1157 2731 1182 2777 d.
1192 2727 1269 2790 sarh.

155 2809 176 2844 e.
193 2794 219 2844 ia
228 2791 311 2858 platta
323 2793 355 2843 Κ.
375 2834 406 2843 -
424 2800 479 2841 sant
490 2801 519 2850 et,
532 2807 567 2842 ac
578 2791 666 2854 (codd.
676 2791 746 2854 (iel.)
763 2801 825 2855 sana
837 2796 929 2860 Tdry.
949 2835 979 2845 ..
998 2792 1080 2843 iisdem
1091 2794 1182 2853 sativis
1194 2795 1227 2843 K.
1240 2835 1268 2842 -

153 2861 314 2917 mturass.

188 2927 204 2988 ξ
219 2931 273 2977 186.
299 2943 463 2991 seponamque,
474 2942 509 2976 ac
522 2925 645 2992 (Appul.)
663 2935 815 2992 streperem,
827 2928 880 2978 Tu.
899 2969 930 2978 ..
949 2945 1021 2992 quam
1033 2929 1067 2988 ia,
1077 2929 1174 2993 Appul.
1193 2943 1270 2991 quam,

154 2990 268 3058 acdssr.
295 3035 327 3045 ..
355 2994 459 3055 cunilae,
477 3010 519 3044 ac.
542 3003 608 3055 auat,
625 2995 722 3059 Appul.
748 2993 883 3057 caniculae,
900 2991 948 3055 ᾱβ.
975 2998 1051 3047 Latet
1066 3012 1163 3046 nomen
1178 2995 1270 3046 herbae

153 3065 268 3126 ignotae,
289 3077 348 3112 cnm
364 3063 463 3112 cunilae
478 3077 554 3126 sapor
569 3062 635 3112 infra
652 3066 753 3113 demum
770 3071 995 3125 commemoretur3
1013 3080 1046 3114 ex
1063 3064 1195 3127 Theophr.
1211 3063 1268 3111 hist.

154 3131 235 3194 plant.
247 3130 268 3180 1.
283 3136 322 3190 12,
336 3137 359 3181 1.
375 3131 440 3180 nihil
451 3130 586 3180 lucramur.
609 3171 640 3180 -
668 3129 748 3178 macri
762 3145 824 3189 vera
840 3130 938 3194 Appul.
960 3171 991 3180 ..
1020 3130 1129 3180 abaeatlu'
1143 3130 1268 3190 raumara,

153 3196 252 3260 AppuL
273 3235 305 3246 ..
332 3195 450 3259 aquatiles
461 3203 547 3259 auum,
558 3198 655 3262 Appul.
677 3238 708 3248 ..
736 3195 873 3258 auctivam,
890 3197 988 3261 Appul.
1011 3238 1043 3247 ..
1070 3197 1151 3262 thymi,
1161 3199 1267 3250 Salmas.

154 3276 238 3313 exerc.
249 3277 274 3325 p.
289 3267 345 3311 159.
354 3277 378 3311 a.
390 3264 422 3312 F.
441 3263 505 3324 tami,
517 3265 582 3314 Tcd
595 3265 708 3327 (Thuan.
720 3280 761 3328 ap.
774 3262 895 3326 Salmas.)
913 3263 980 3326 mai,
991 3255 1079 3315 Bar¹²
1090 3262 1177 3327 (codd.
1190 3266 1267 3314 Turn.

154 3331 210 3378 adv.
220 3334 261 3388 24,
270 3335 294 3377 1.
305 3336 331 3377 et
341 3329 458 3378 nonnulli
469 3343 510 3391 ap.
523 3328 644 3390 Salmas.)
662 3331 720 3391 tani,
732 3331 843 3381 Tarneb.
856 3339 882 3381 et
888 3333 979 3381 Doleo.
997 3339 1095 3393 tantam,
1103 3328 1132 3394 β.
1150 3331 1268 3384 sdmasii

154 3394 323 3444 coniecturam
341 3396 417 3445 etiam
434 3395 582 3446 Schneider.
599 3397 632 3445 ad
649 3395 1041 3463 Columell.10‚373.praefert.
1061 3440 1091 3448 -
1118 3397 1217 3457 cunilae,
1233 3412 1268 3446 ao

153 3457 240 3524 (codd.
252 3462 330 3512 Turn.
343 3469 368 3512 et
378 3462 495 3512 nonnulli
508 3475 548 3525 ap.
560 3461 676 3522 Salmas,
688 3461 799 3525 appot.)
824 3464 952 3526 maniculae,
968 3467 984 3514 d
999 3463 1071 3528 (cod.
1087 3468 1268 3516 vetustissimus

176 3556 179 3561 ·
1116 3557 1162 3586 eac
1204 3547 1244 3586 'dut

153 3593 277 3658 Salmas.)
297 3636 327 3644 -
347 3600 436 3642 tantam
448 3593 603 3656 creporibus,
616 3610 657 3644 ac.
682 3601 770 3644 tantum
782 3599 913 3660 superabar,
925 3600 1020 3664 Appul.
1043 3607 1119 3647 autem
1133 3558 1231 3658 mappam,
1244 3600 1267 3648 d.

153 3669 230 3711 aretem
242 3661 388 3725 creporibus
401 3667 497 3720 matam,
510 3662 541 3711 T.
563 3703 594 3711 -
619 3661 665 3710 oiri
674 3661 699 3711 in
711 3662 824 3714 damulis.
847 3664 891 3713 sed
904 3667 1047 3715 extrinsecus
1063 3665 1136 3730 quasi
1141 3665 1222 3730 paleis
1233 3665 1268 3713 ia·

152 3727 214 3791 aar,
226 3730 332 3794 Appnl,
343 3733 417 3792 quem
430 3730 585 3792 sequendum
596 3731 690 3792 putavi,
701 3730 738 3780 ita
749 3741 779 3782 ut
789 3747 847 3781 cunr
856 3732 982 3784 Salmasio
994 3743 1020 3785 et
1027 3749 1045 3798 γ
1053 3735 1186 3784 scriberem
1196 3732 1267 3782 cicer-

153 3794 212 3844 culis
223 3805 249 3846 et
260 3795 345 3845 insidet
355 3810 511 3858 reponerem.
530 3793 660 3858 aliquando
671 3805 741 3845 extra
751 3796 834 3847 insidit
842 3798 948 3862 pulveris
959 3800 1027 3849 modo
1035 3809 1059 3848 et
1065 3799 1160 3849 circulis
1170 3807 1267 3855 manem.

154 3858 265 3927 aodssr,
277 3864 326 3914 nisi
338 3864 407 3926 quod
421 3864 448 3912 in
463 3865 584 3915 extremis
600 3866 802 3916 emendationem
818 3865 937 3917 salmasii
953 3883 986 3918 ex
1002 3869 1133 3932 Theophr.
1150 3870 1182 3918 de
1199 3883 1267 3918 caus.

153 3931 233 3993 plant.
245 3930 293 3981 VI.
308 3935 347 3991 10,
362 3936 384 3980 1.
396 3931 503 3994 petitam
514 3938 540 3980 at
550 3929 670 3981 οἰοοναιίἰε
682 3939 771 3981 matum
784 3935 877 3996 recepit
887 3947 912 3998 γ.

187 3999 272 4062 8181.
298 3996 385 4060 Atque,
402 3999 465 4048 aed.
491 3999 568 4062 Aque,
585 4000 660 4049 codd.
676 3999 784 4051 Salmas.
800 4014 883 4050 exerc.
895 4016 920 4064 p.
933 4006 991 4052 aot.
1003 4017 1026 4052 a.
1039 4003 1070 4052 ta.
1096 4017 1182 4066 nqeue,
1197 3998 1220 4064 β
1235 4004 1267 4052 ad

153 4067 282 4129 superiora
290 4065 407 4115 referens.
425 4106 456 4115 ..
475 4067 612 4131 zmyrnium,
623 4068 690 4117 Pint.
708 4066 814 4126 merrha,
823 4063 854 4129 β.
871 4082 960 4133 myrra,
973 4072 1035 4119 aod.
1052 4085 1157 4133 amynta,
1169 4069 1267 4134 Appul.

153 4147 178 4196 p.
192 4138 249 4185 284.
273 4173 304 4182 ..
328 4131 423 4195 pansis,
439 4148 482 4182 ac.
506 4173 537 4183 -
564 4133 697 4183 &tumea
714 4140 753 4194 12,
768 4139 824 4185 127.
847 4175 878 4184 -
905 4133 1039 4197 Luanoa,
1057 4137 1189 4202 Theophr.
1207 4138 1267 4187 hist.

152 4201 398 4264 plant.1x.11‚1o.
423 4241 453 4250 ..
478 4198 798 4265 patribuaacdmppnl.)
820 4200 979 4265 patriciali
1002 4244 1033 4254 ..
1058 4203 1153 4266 setar,
1169 4205 1267 4269 Appul.

152 4269 238 4318 sertor
248 4267 340 4328 samiae,
350 4270 406 4318 aod
419 4267 504 4330 (codd.
514 4268 642 4331 Barbari),
652 4263 704 4332 βν.
718 4308 748 4318 -
769 4274 826 4327 tare,
838 4272 902 4321 aod.
920 4286 938 4318 a
950 4269 1024 4332 asae,
1035 4264 1086 4334 βγ.
1100 4271 1157 4323 Om.
1169 4272 1267 4337 Appul.
