2754 4726
381 1045 434 1148 c.
455 1043 642 1191 ¹rnna
679 1043 963 1176 saeuum

165 1271 650 1425 urrunnun
694 1304 1156 1424 mesonma

529 1551 676 1625 LIBER
700 1550 802 1624 XVI.

590 1753 741 1766 “ut—¹·-

154 1888 261 1954 Sncr.
283 1891 311 1952 1⁶
347 1855 541 1958 pomiferae
562 1888 692 1954 arbores
714 1909 860 1973 quaeque
873 1886 1053 1954 mitioribus
1068 1887 1153 1953 sucis
1166 1891 1253 1954 vei
1274 1898 1284 1940 1

107 1991 266 2075 luptatem
286 1988 406 2074 primae
433 1987 513 2052 cibis
542 1988 716 2053 attulerunt
736 1997 768 2051 et
789 1987 971 2054 necessario
997 1987 1145 2054 alimento
1167 1988 1224 2054 de·

107 2092 198 2156 licias
219 2090 353 2154 miscere
374 2089 560 2166 docuerunt,
583 2088 650 2153 sive
671 2088 745 2154 illae
766 2088 849 2153 ultro
874 2087 942 2153 sive
963 2088 1011 2154 ab'
1026 2088 1153 2154 homine
1175 2088 1226 2154 di·

108 2191 215 2257 dicere
237 2189 371 2255 blandos
393 2211 524 2274 sapores
551 2188 723 2274 adoptione
746 2199 778 2253 et
798 2189 957 2255 connubio
984 2189 1081 2273 idque
1109 2211 1226 2255 munus

109 2291 204 2357 etiam
231 2290 311 2355 feris
339 2289 584 2373 volucribusque
613 2289 803 2368 dididimus,
832 2290 916 2353 intra
941 2290 1122 2375 praedictas
1148 2311 1226 2354 con·

110 2402 204 2456 stant
225 2390 424 2455 Proxumum
438 2399 507 2452 erat
520 2410 649 2454 narrare
664 2389 861 2476 glandiferas
876 2411 1014 2473 quoque,
1025 2389 1127 2476 primo
1139 2388 1225 2454 victu

110 2490 288 2557 mortalium
310 2489 453 2554 alvorum
472 2488 614 2555 nutrices
639 2488 744 2574 inopis
766 2511 803 2555 ac
824 2489 911 2554 ferae
938 2490 1042 2568 sortis,
1069 2489 1103 2553 ni
1130 2511 1224 2575 prae·

110 2592 193 2656 verti
207 2599 337 2676 cogeret
351 2582 517 2652 admiratio
531 2611 594 2652 usu
608 2599 769 2674 conperta,
789 2604 945 2673 quaenam
961 2590 1126 2673 qualisque
1141 2601 1225 2655 esset

109 2692 177 2756 vita
198 2690 266 2756 sine
286 2689 400 2754 arbore
421 2687 495 2765 ulla,
517 2687 585 2752 sine
607 2688 723 2753 frutice
744 2688 927 2754 viventium.

153 2790 239 2856 Cau.
252 2789 279 2854 Ι.
301 2788 453 2853 Diximus
468 2788 547 2853 etin
568 2788 689 2853 oriente
712 2789 841 2872 quidem
862 2789 954 2854 iuxta
975 2791 1130 2853 oceanum
1151 2807 1252 2856 con-a

109 2891 212 2977 pluris
234 2913 272 2954 ea
292 2889 327 2953 in
346 2889 534 2954 necessitate
555 2887 677 2975 gentis3
707 2899 781 2953 sunt
801 2912 877 2953 vero
905 2888 990 2952 etin
1012 2887 1224 2973 septentrione

108 2992 197 3056 visae
218 2988 312 3055 nobis
334 2987 537 3055 Chaucorum
558 2988 613 3072 qui
634 2988 771 3053 maiores
792 2989 993 3071 minoresque
1014 2989 1224 3074 appellantur.

109 3090 216 3156 Vasto
241 3089 287 3155 ibi
313 3099 421 3154 meatu
449 3088 500 3153 bis
529 3087 653 3153 dierum
681 3088 885 3171 noctiumque
907 3088 1104 3175 singularum
1125 3091 1224 3155 inter·

109 3189 202 3254 vallis
225 3190 346 3254 effusus
371 3189 406 3253 in
432 3189 613 3252 inmensum
632 3185 739 3273 agitur
764 3211 918 3268 oceanus,
949 3190 1096 3276 operiens
1120 3202 1223 3255 aeter-

109 3311 184 3353 nam
198 3312 303 3354 rerum
324 3299 455 3354 naturae
476 3288 724 3355 controversiam
748 3288 941 3374 dubiamque
957 3301 1059 3356 terrae
1074 3290 1168 3354 situm
1183 3312 1224 3354 an

144 3452 188 3501 Ad
199 3453 267 3502 hunc
279 3452 371 3503 librum
382 3453 432 3503 toti
443 3459 503 3503 sunt
513 3452 613 3503 excussi
624 3454 675 3515 ad3
693 3454 724 3503 de
734 3455 760 3505 D
773 3468 795 3503 v.
808 3457 839 3504 ad
851 3455 951 3504 initium
962 3454 1021 3504 libri
1032 3453 1106 3503 XIV.

146 3521 197 3581 51.
214 3518 318 3580 mucore,
330 3512 448 3570 TOadr.
466 3518 601 3580 immiscere,
612 3514 640 3580 β.
659 3560 691 3568 -
709 3519 757 3579 itte,
768 3536 791 3569 a
811 3561 842 3570 ..
860 3521 919 3580 sive,
931 3536 982 3569 orn.
994 3537 1017 3570 a
1036 3560 1068 3568 ..
1087 3517 1173 3567 blondo
1183 3535 1224 3567 sa-

107 3584 184 3647 poris,
195 3601 218 3634 a.
237 3626 268 3635 ..
287 3586 391 3648 conubio,
403 3603 426 3636 a.
440 3627 471 3636 ..
489 3585 573 3647 minua,
585 3589 609 3636 d.
622 3627 653 3634 -
671 3585 811 3647 volucribus,
823 3589 847 3638 d.
861 3629 892 3636 -
911 3585 1046 3648 dididr'mus,
1058 3588 1095 3636 ita
1105 3601 1153 3637 nos
1165 3588 1224 3637 scri·

111 3652 216 3714 psimus.
238 3651 374 3714 didicimus,
386 3648 454 3704 Bar.
477 3650 594 3714 dedimus,
607 3655 623 3702 d
628 3648 650 3714 β
654 3667 679 3717 7.
702 3655 736 3704 V.
749 3655 838 3704 Horat.
857 3663 903 3706 sat.
915 3654 950 3705 IL
963 3661 987 3716 2,
1000 3658 1039 3704 67.
1064 3695 1095 3702 -
1124 3662 1223 3716 constat,

110 3721 155 3768 ad.
174 3759 205 3768 ..
227 3736 326 3783 quoque,
337 3722 399 3770 adr.
421 3735 511 3783 quoque
527 3735 596 3783 quac,
607 3714 657 3783 βγ.
679 3760 711 3770 ..
737 3721 824 3784 primo,
835 3738 855 3771 r.
874 3721 975 3785 primae,
988 3713 1109 3785 TOadr.
1137 3721 1223 3773 cairi

110 3785 214 3834 lectioni
230 3788 330 3850 aliquid
345 3788 511 3848 tribuendum,
523 3786 602 3850 primo
615 3802 627 3835 e
643 3788 778 3850 legendum
794 3797 844 3851 θεῖς
859 3791 908 3839 vid.
921 3789 1004 3838 Hand.
1015 3790 1122 3839 Turscll.
1132 3796 1156 3851 2,
1166 3793 1223 3840 637.

110 3866 154 3901 no.
164 3859 205 3902 41.
224 3894 256 3902 ..
274 3854 343 3915 victu,
355 3869 376 3904 r.
393 3853 486 3915 victam,
498 3849 590 3918 adssr.
609 3895 640 3902 -
659 3852 773 3916 alvorum,
785 3871 824 3905 ar.
842 3854 957 3916 aluerunt,
970 3850 1041 3919 ᾶβγ.

145 3919 454 3982 §2.Dr'cimus13,139.
477 3962 509 3970 ..
531 3927 626 3982 veroet,
641 3913 718 3971 &Ta
740 3938 803 3983 vero,
820 3918 890 3987 (Ιβγ.
914 3963 945 3971 ..
969 3917 1167 3984 Gomorram&
1191 3963 1223 3972 ..

110 3985 195 4048 qui,a.
218 4003 270 4050 quo,
283 3989 337 4038 Td.
361 4028 393 4037 ..
418 3987 571 4052 appellentur,
584 3989 608 4038 d.
631 4028 663 4037 -
690 3987 768 4048 brac.
787 4005 870 4054 prope,
886 3991 939 4040 Td.
963 3989 1082 4052 perpetuis
1094 3989 1136 4050 bia,
1148 4007 1168 4039 r.
1191 4031 1222 4038 -

110 4052 217 4116 operr‘ana
228 4062 356 4112 aeternam,
368 4056 412 4104 ad.
433 4062 480 4104 oet.
492 4070 564 4118 oper„
575 4050 626 4119 βγ.
645 4095 677 4104 ..
699 4053 848 4118 dubiamque,
860 4057 912 4106 Τά.
934 4054 1064 4111 dubiumve.
1076 4073 1096 4105 r.
1119 4055 1224 4104 dubium·

110 4135 163 4182 quo,
175 4115 247 4185 asty.
269 4162 301 4170 -
328 4121 398 4170 situm
409 4137 450 4183 oa,
461 4124 497 4173 ita
508 4137 556 4172 nos
568 4122 720 4185 scripsimus.
743 4122 821 4181 sitam,
834 4125 857 4172 d.
879 4123 910 4171 ait
920 4139 965 4184 aa,
977 4118 1075 4187 Tassr.
1099 4122 1166 4172 Situs
1176 4137 1223 4186 pro

110 4186 182 4303 rag
192 4188 294 4303 proplrp
310 4195 349 4239 ea
365 4188 524 4252 minianum
542 4203 566 4238 v.
584 4195 609 4251 a,
622 4195 678 4240 roa.
697 4195 721 4249 4,
735 4193 790 4239 roa.
809 4196 832 4252 a,
845 4196 886 4241 aa.
905 4196 929 4251 o,
940 4196 980 4240 m.
1000 4197 1039 4314 ila,
1052 4196 1093 4240 aa.
1112 4196 1168 4240 roe.

182 4268 220 4303 m,
479 4292 482 4297 .
