<?xml version="1.0" encoding="UTF-8"?>
<!DOCTYPE html PUBLIC "-//W3C//DTD XHTML 1.0 Transitional//EN"
    "http://www.w3.org/TR/xhtml1/DTD/xhtml1-transitional.dtd">
<html xmlns="http://www.w3.org/1999/xhtml" xml:lang="en" lang="en">
 <head>
  <title>
</title>
<meta http-equiv="Content-Type" content="text/html;charset=utf-8" />
  <meta name='ocr-system' content='tesseract 3.04.00' />
  <meta name='ocr-capabilities' content='ocr_page ocr_carea ocr_par ocr_line ocrx_word'/>
</head>
<body>
  <div class='ocr_page' id='page_1' title='image "./cplinisecundina02grongoog_0452.png"; bbox 0 0 2754 4726; ppageno 0'>
   <div class='ocr_carea' id='block_1_1' title="bbox 363 296 1233 362">
    <p class='ocr_par' dir='ltr' id='par_1_1' title="bbox 363 296 1233 362">
     <span class='ocr_line' id='line_1_1' title="bbox 363 296 1233 362; baseline 0.003 -3"><span class='ocrx_word' id='word_1_1' title='bbox 363 311 433 359; x_wconf 83' lang='lat' dir='ltr'><strong>um.</strong></span> <span class='ocrx_word' id='word_1_2' title='bbox 449 310 538 358; x_wconf 87' lang='lat' dir='ltr'><strong>xxrr.</strong></span> <span class='ocrx_word' id='word_1_3' title='bbox 567 307 647 358; x_wconf 74' lang='lat' dir='ltr'><strong>cnr.</strong></span> <span class='ocrx_word' id='word_1_4' title='bbox 663 310 752 359; x_wconf 78' lang='lat' dir='ltr'><strong>xnu.</strong></span> <span class='ocrx_word' id='word_1_5' title='bbox 780 309 879 360; x_wconf 81' lang='lat' dir='ltr'><strong>seor.</strong></span> <span class='ocrx_word' id='word_1_6' title='bbox 894 313 976 357; x_wconf 61' lang='lat' dir='ltr'><strong>aaa.</strong></span> <span class='ocrx_word' id='word_1_7' title='bbox 1167 296 1233 362; x_wconf 78' lang='lat'><strong>443</strong></span> 
     </span>
    </p>
   </div>
   <div class='ocr_carea' id='block_1_2' title="bbox 53 460 1362 2771">
    <p class='ocr_par' dir='ltr' id='par_1_2' title="bbox 112 460 1231 630">
     <span class='ocr_line' id='line_1_2' title="bbox 113 460 1231 548; baseline 0.002 -20"><span class='ocrx_word' id='word_1_8' title='bbox 113 481 251 547; x_wconf 88' lang='lat' dir='ltr'><strong>coquere</strong></span> <span class='ocrx_word' id='word_1_9' title='bbox 271 460 351 526; x_wconf 87' lang='lat' dir='ltr'><strong>tanti</strong></span> <span class='ocrx_word' id='word_1_10' title='bbox 372 471 436 537; x_wconf 85' lang='lat' dir='ltr'><strong>est3</strong></span> <span class='ocrx_word' id='word_1_11' title='bbox 458 461 505 526; x_wconf 88' lang='lat' dir='ltr'><strong>ita</strong></span> <span class='ocrx_word' id='word_1_12' title='bbox 524 482 659 548; x_wconf 88' lang='lat' dir='ltr'><strong>operosa</strong></span> <span class='ocrx_word' id='word_1_13' title='bbox 680 461 750 527; x_wconf 88' lang='lat' dir='ltr'><strong>eius</strong></span> <span class='ocrx_word' id='word_1_14' title='bbox 771 461 877 527; x_wconf 85' lang='lat' dir='ltr'><strong>eulina</strong></span> <span class='ocrx_word' id='word_1_15' title='bbox 898 461 1044 528; x_wconf 75' lang='lat' dir='ltr'><strong>traditur.</strong></span> <span class='ocrx_word' id='word_1_16' title='bbox 1067 461 1106 528; x_wconf 89' lang='lat' dir='ltr'><strong>In</strong></span> <span class='ocrx_word' id='word_1_17' title='bbox 1127 462 1231 531; x_wconf 85' lang='lat' dir='ltr'><strong>medi·</strong></span> 
     </span>
     <span class='ocr_line' id='line_1_3' title="bbox 112 557 570 630; baseline -0.009 0"><span class='ocrx_word' id='word_1_18' title='bbox 112 564 184 630; x_wconf 86' lang='lat' dir='ltr'><strong>eina</strong></span> <span class='ocrx_word' id='word_1_19' title='bbox 204 557 329 628; x_wconf 88' lang='lat' dir='ltr'><strong>nullum</strong></span> <span class='ocrx_word' id='word_1_20' title='bbox 349 582 445 627; x_wconf 86' lang='lat' dir='ltr'><strong>usum</strong></span> <span class='ocrx_word' id='word_1_21' title='bbox 466 561 570 628; x_wconf 88' lang='lat' dir='ltr'><strong>habet.</strong></span> 
     </span>
    </p>

    <p class='ocr_par' dir='ltr' id='par_1_3' title="bbox 53 661 1343 2042">
     <span class='ocr_line' id='line_1_4' title="bbox 152 661 1293 749; baseline -0.001 -20"><span class='ocrx_word' id='word_1_22' title='bbox 152 665 205 729; x_wconf 81' lang='lat'><strong>43.</strong></span> <span class='ocrx_word' id='word_1_23' title='bbox 227 661 417 748; x_wconf 82' lang='lat' dir='ltr'><strong>Scolymum</strong></span> <span class='ocrx_word' id='word_1_24' title='bbox 436 683 564 747; x_wconf 90' lang='lat' dir='ltr'><strong>quoque</strong></span> <span class='ocrx_word' id='word_1_25' title='bbox 591 661 624 727; x_wconf 93' lang='lat' dir='ltr'><strong>in</strong></span> <span class='ocrx_word' id='word_1_26' title='bbox 652 663 743 729; x_wconf 88' lang='lat' dir='ltr'><strong>cibos</strong></span> <span class='ocrx_word' id='word_1_27' title='bbox 768 663 879 749; x_wconf 84' lang='lat' dir='ltr'><strong>recipit</strong></span> <span class='ocrx_word' id='word_1_28' title='bbox 900 662 1006 730; x_wconf 83' lang='lat' dir='ltr'><strong>oriens</strong></span> <span class='ocrx_word' id='word_1_29' title='bbox 1033 674 1066 728; x_wconf 91' lang='lat' dir='ltr'><strong>et</strong></span> <span class='ocrx_word' id='word_1_30' title='bbox 1087 663 1151 729; x_wconf 90' lang='lat' dir='ltr'><strong>alio</strong></span> <span class='ocrx_word' id='word_1_31' title='bbox 1171 670 1293 739; x_wconf 51' lang='lat' dir='ltr'><strong>nofse&#39;</strong></span> 
     </span>
     <span class='ocr_line' id='line_1_5' title="bbox 109 757 1275 850; baseline 0.001 -21"><span class='ocrx_word' id='word_1_32' title='bbox 109 765 198 830; x_wconf 87' lang='lat' dir='ltr'><strong>mine</strong></span> <span class='ocrx_word' id='word_1_33' title='bbox 229 761 392 831; x_wconf 85' lang='lat' dir='ltr'><strong>limoniam</strong></span> <span class='ocrx_word' id='word_1_34' title='bbox 423 763 607 850; x_wconf 83' lang='lat' dir='ltr'><strong>appellavit.</strong></span> <span class='ocrx_word' id='word_1_35' title='bbox 643 762 769 830; x_wconf 84' lang='lat' dir='ltr'><strong>Frutex</strong></span> <span class='ocrx_word' id='word_1_36' title='bbox 806 773 856 830; x_wconf 92' lang='lat' dir='ltr'><strong>est</strong></span> <span class='ocrx_word' id='word_1_37' title='bbox 886 758 1061 848; x_wconf 86' lang='lat' dir='ltr'><strong>nquuam</strong></span> <span class='ocrx_word' id='word_1_38' title='bbox 1099 763 1231 831; x_wconf 86' lang='lat' dir='ltr'><strong>cubitali</strong></span> <span class='ocrx_word' id='word_1_39' title='bbox 1266 757 1275 774; x_wconf 59' lang='lat'>⁸</span> 
     </span>
     <span class='ocr_line' id='line_1_6' title="bbox 53 852 1231 951; baseline 0 -21"><span class='ocrx_word' id='word_1_40' title='bbox 53 852 59 865; x_wconf 83' lang='grc'><em>’</em></span> <span class='ocrx_word' id='word_1_41' title='bbox 107 864 205 931; x_wconf 88' lang='lat' dir='ltr'><strong>altior</strong></span> <span class='ocrx_word' id='word_1_42' title='bbox 226 862 395 948; x_wconf 86' lang='lat' dir='ltr'><strong>cristisque</strong></span> <span class='ocrx_word' id='word_1_43' title='bbox 414 862 563 929; x_wconf 83' lang='lat' dir='ltr'><strong>foliorum</strong></span> <span class='ocrx_word' id='word_1_44' title='bbox 584 884 622 929; x_wconf 90' lang='lat' dir='ltr'><strong>ac</strong></span> <span class='ocrx_word' id='word_1_45' title='bbox 642 864 751 930; x_wconf 89' lang='lat' dir='ltr'><strong>radice</strong></span> <span class='ocrx_word' id='word_1_46' title='bbox 771 864 865 951; x_wconf 75' lang='lat' dir='ltr'><strong>nigra</strong></span> <span class='ocrx_word' id='word_1_47' title='bbox 891 863 950 930; x_wconf 87' lang='lat' dir='ltr'><strong>sed</strong></span> <span class='ocrx_word' id='word_1_48' title='bbox 976 863 1079 944; x_wconf 91' lang='lat' dir='ltr'><strong>dulci,</strong></span> <span class='ocrx_word' id='word_1_49' title='bbox 1110 864 1231 931; x_wconf 81' lang='lat' dir='ltr'><strong>Erato·</strong></span> 
     </span>
     <span class='ocr_line' id='line_1_7' title="bbox 108 963 1231 1053; baseline 0.001 -23"><span class='ocrx_word' id='word_1_50' title='bbox 108 964 216 1031; x_wconf 88' lang='lat' dir='ltr'><strong>stheni</strong></span> <span class='ocrx_word' id='word_1_51' title='bbox 236 985 366 1050; x_wconf 90' lang='lat' dir='ltr'><strong>quoquc</strong></span> <span class='ocrx_word' id='word_1_52' title='bbox 385 963 515 1030; x_wconf 85' lang='lat' dir='ltr'><strong>laudata</strong></span> <span class='ocrx_word' id='word_1_53' title='bbox 534 965 569 1030; x_wconf 91' lang='lat' dir='ltr'><strong>in</strong></span> <span class='ocrx_word' id='word_1_54' title='bbox 589 965 725 1053; x_wconf 84' lang='lat' dir='ltr'><strong>pauperi</strong></span> <span class='ocrx_word' id='word_1_55' title='bbox 747 985 836 1031; x_wconf 82' lang='lat' dir='ltr'><strong>esna.</strong></span> <span class='ocrx_word' id='word_1_56' title='bbox 870 964 1008 1030; x_wconf 85' lang='lat' dir='ltr'><strong>Urinam</strong></span> <span class='ocrx_word' id='word_1_57' title='bbox 1028 965 1113 1033; x_wconf 89' lang='lat' dir='ltr'><strong>ciere</strong></span> <span class='ocrx_word' id='word_1_58' title='bbox 1134 988 1231 1052; x_wconf 88' lang='lat' dir='ltr'><strong>prae·</strong></span> 
     </span>
     <span class='ocr_line' id='line_1_8' title="bbox 108 1064 1230 1153; baseline -0.001 -21"><span class='ocrx_word' id='word_1_59' title='bbox 108 1064 206 1152; x_wconf 87' lang='lat' dir='ltr'><strong>eipue</strong></span> <span class='ocrx_word' id='word_1_60' title='bbox 227 1064 383 1144; x_wconf 76' lang='lat' dir='ltr'><strong>traditur,</strong></span> <span class='ocrx_word' id='word_1_61' title='bbox 406 1086 520 1132; x_wconf 86' lang='lat' dir='ltr'><strong>sanare</strong></span> <span class='ocrx_word' id='word_1_62' title='bbox 540 1065 684 1133; x_wconf 80' lang='lat' dir='ltr'><strong>lichenas</strong></span> <span class='ocrx_word' id='word_1_63' title='bbox 704 1077 738 1133; x_wconf 90' lang='lat' dir='ltr'><strong>et</strong></span> <span class='ocrx_word' id='word_1_64' title='bbox 757 1067 866 1153; x_wconf 85' lang='lat' dir='ltr'><strong>lepras</strong></span> <span class='ocrx_word' id='word_1_65' title='bbox 886 1088 927 1132; x_wconf 81' lang='lat' dir='ltr'><strong>ex</strong></span> <span class='ocrx_word' id='word_1_66' title='bbox 948 1076 1055 1145; x_wconf 87' lang='lat' dir='ltr'><strong>aceto,</strong></span> <span class='ocrx_word' id='word_1_67' title='bbox 1079 1088 1230 1133; x_wconf 83' lang='lat' dir='ltr'><strong>venerem</strong></span> 
     </span>
     <span class='ocr_line' id='line_1_9' title="bbox 109 1162 1232 1252; baseline -0.003 -18"><span class='ocrx_word' id='word_1_68' title='bbox 109 1166 274 1234; x_wconf 84' lang='lat' dir='ltr'><strong>stimulare</strong></span> <span class='ocrx_word' id='word_1_69' title='bbox 294 1167 329 1231; x_wconf 91' lang='lat' dir='ltr'><strong>in</strong></span> <span class='ocrx_word' id='word_1_70' title='bbox 350 1167 442 1246; x_wconf 87' lang='lat' dir='ltr'><strong>vino,</strong></span> <span class='ocrx_word' id='word_1_71' title='bbox 471 1167 617 1235; x_wconf 77' lang='lat' dir='ltr'><strong>Hesiodo</strong></span> <span class='ocrx_word' id='word_1_72' title='bbox 639 1179 672 1233; x_wconf 89' lang='lat' dir='ltr'><strong>et</strong></span> <span class='ocrx_word' id='word_1_73' title='bbox 693 1168 814 1234; x_wconf 87' lang='lat' dir='ltr'><strong>Alcaeo</strong></span> <span class='ocrx_word' id='word_1_74' title='bbox 835 1168 989 1247; x_wconf 86' lang='lat' dir='ltr'><strong>testibus,</strong></span> <span class='ocrx_word' id='word_1_75' title='bbox 1019 1162 1075 1252; x_wconf 80' lang='lat' dir='ltr'><strong>qui</strong></span> <span class='ocrx_word' id='word_1_76' title='bbox 1090 1166 1232 1233; x_wconf 77' lang='lat' dir='ltr'><strong>florente</strong></span> 
     </span>
     <span class='ocr_line' id='line_1_10' title="bbox 109 1264 1230 1336; baseline -0.001 -1"><span class='ocrx_word' id='word_1_77' title='bbox 109 1290 149 1335; x_wconf 87' lang='lat' dir='ltr'><strong>ea</strong></span> <span class='ocrx_word' id='word_1_78' title='bbox 170 1264 298 1335; x_wconf 74' lang='lat' dir='ltr'><strong>cicadas</strong></span> <span class='ocrx_word' id='word_1_79' title='bbox 318 1267 464 1335; x_wconf 73' lang='lat' dir='ltr'><strong>acerrimi</strong></span> <span class='ocrx_word' id='word_1_80' title='bbox 486 1279 600 1335; x_wconf 86' lang='lat' dir='ltr'><strong>cantus</strong></span> <span class='ocrx_word' id='word_1_81' title='bbox 622 1291 694 1335; x_wconf 89' lang='lat' dir='ltr'><strong>esse</strong></span> <span class='ocrx_word' id='word_1_82' title='bbox 721 1281 755 1334; x_wconf 88' lang='lat' dir='ltr'><strong>et</strong></span> <span class='ocrx_word' id='word_1_83' title='bbox 776 1269 926 1335; x_wconf 86' lang='lat' dir='ltr'><strong>mulieres</strong></span> <span class='ocrx_word' id='word_1_84' title='bbox 945 1269 1089 1336; x_wconf 76' lang='lat' dir='ltr'><strong>libidinis</strong></span> <span class='ocrx_word' id='word_1_85' title='bbox 1110 1268 1230 1334; x_wconf 86' lang='lat' dir='ltr'><strong>avidis·</strong></span> 
     </span>
     <span class='ocr_line' id='line_1_11' title="bbox 110 1368 1232 1460; baseline -0.001 -26"><span class='ocrx_word' id='word_1_86' title='bbox 110 1369 210 1435; x_wconf 83' lang='lat' dir='ltr'><strong>simas</strong></span> <span class='ocrx_word' id='word_1_87' title='bbox 230 1368 381 1452; x_wconf 79' lang='lat' dir='ltr'><strong>virosque</strong></span> <span class='ocrx_word' id='word_1_88' title='bbox 400 1369 435 1434; x_wconf 91' lang='lat' dir='ltr'><strong>in</strong></span> <span class='ocrx_word' id='word_1_89' title='bbox 457 1368 576 1435; x_wconf 89' lang='lat' dir='ltr'><strong>coitum</strong></span> <span class='ocrx_word' id='word_1_90' title='bbox 596 1370 787 1460; x_wconf 81' lang='lat' dir='ltr'><strong>pigerrimos</strong></span> <span class='ocrx_word' id='word_1_91' title='bbox 809 1371 984 1457; x_wconf 73' lang='lat' dir='ltr'><strong>scripsere,</strong></span> <span class='ocrx_word' id='word_1_92' title='bbox 1012 1370 1101 1436; x_wconf 84' lang='lat' dir='ltr'><strong>velut</strong></span> <span class='ocrx_word' id='word_1_93' title='bbox 1120 1369 1232 1456; x_wconf 90' lang='lat' dir='ltr'><strong>provi-</strong></span> 
     </span>
     <span class='ocr_line' id='line_1_12' title="bbox 109 1469 1343 1558; baseline -0.001 -23"><span class='ocrx_word' id='word_1_94' title='bbox 109 1469 221 1555; x_wconf 79' lang='lat' dir='ltr'><strong>dentia</strong></span> <span class='ocrx_word' id='word_1_95' title='bbox 240 1480 376 1535; x_wconf 83' lang='lat' dir='ltr'><strong>naturae</strong></span> <span class='ocrx_word' id='word_1_96' title='bbox 402 1469 463 1537; x_wconf 93' lang='lat' dir='ltr'><strong>hoc</strong></span> <span class='ocrx_word' id='word_1_97' title='bbox 483 1470 666 1537; x_wconf 89' lang='lat' dir='ltr'><strong>adiumento</strong></span> <span class='ocrx_word' id='word_1_98' title='bbox 694 1481 770 1538; x_wconf 90' lang='lat' dir='ltr'><strong>tune</strong></span> <span class='ocrx_word' id='word_1_99' title='bbox 791 1472 1019 1538; x_wconf 87' lang='lat' dir='ltr'><strong>valentissimo.</strong></span> <span class='ocrx_word' id='word_1_100' title='bbox 1049 1470 1133 1537; x_wconf 87' lang='lat' dir='ltr'><strong>Item</strong></span> <span class='ocrx_word' id='word_1_101' title='bbox 1153 1491 1230 1558; x_wconf 82' lang='lat' dir='ltr'><strong>gra-</strong></span> <span class='ocrx_word' id='word_1_102' title='bbox 1244 1486 1276 1534; x_wconf 83' lang='lat' dir='ltr'><strong>cr</strong></span> <span class='ocrx_word' id='word_1_103' title='bbox 1336 1477 1343 1482; x_wconf 84' lang='lat'>&#39;</span> 
     </span>
     <span class='ocr_line' id='line_1_13' title="bbox 108 1570 1232 1639; baseline -0.002 -2"><span class='ocrx_word' id='word_1_104' title='bbox 108 1570 302 1637; x_wconf 82' lang='lat' dir='ltr'><strong>veolentiam</strong></span> <span class='ocrx_word' id='word_1_105' title='bbox 321 1571 444 1637; x_wconf 87' lang='lat' dir='ltr'><strong>alarum</strong></span> <span class='ocrx_word' id='word_1_106' title='bbox 462 1572 611 1639; x_wconf 85' lang='lat' dir='ltr'><strong>emendat</strong></span> <span class='ocrx_word' id='word_1_107' title='bbox 628 1571 744 1638; x_wconf 77' lang='lat' dir='ltr'><strong>radicis</strong></span> <span class='ocrx_word' id='word_1_108' title='bbox 764 1572 973 1638; x_wconf 74' lang='lat' dir='ltr'><strong>emedullatae</strong></span> <span class='ocrx_word' id='word_1_109' title='bbox 992 1571 1087 1638; x_wconf 88' lang='lat' dir='ltr'><strong>uncia</strong></span> <span class='ocrx_word' id='word_1_110' title='bbox 1107 1571 1142 1635; x_wconf 89' lang='lat' dir='ltr'><strong>in</strong></span> <span class='ocrx_word' id='word_1_111' title='bbox 1162 1571 1232 1636; x_wconf 81' lang='lat' dir='ltr'><strong>vini</strong></span> 
     </span>
     <span class='ocr_line' id='line_1_14' title="bbox 109 1670 1231 1741; baseline 0.001 -4"><span class='ocrx_word' id='word_1_112' title='bbox 109 1671 242 1738; x_wconf 83' lang='lat' dir='ltr'><strong>Falerni</strong></span> <span class='ocrx_word' id='word_1_113' title='bbox 263 1671 400 1738; x_wconf 89' lang='lat' dir='ltr'><strong>heminis</strong></span> <span class='ocrx_word' id='word_1_114' title='bbox 422 1672 525 1739; x_wconf 87' lang='lat' dir='ltr'><strong>tribus</strong></span> <span class='ocrx_word' id='word_1_115' title='bbox 539 1673 672 1740; x_wconf 88' lang='lat' dir='ltr'><strong>decocta</strong></span> <span class='ocrx_word' id='word_1_116' title='bbox 693 1673 736 1739; x_wconf 91' lang='lat' dir='ltr'><strong>ad</strong></span> <span class='ocrx_word' id='word_1_117' title='bbox 756 1672 868 1741; x_wconf 84' lang='lat' dir='ltr'><strong>tertias</strong></span> <span class='ocrx_word' id='word_1_118' title='bbox 889 1683 921 1739; x_wconf 88' lang='lat' dir='ltr'><strong>et</strong></span> <span class='ocrx_word' id='word_1_119' title='bbox 942 1672 1103 1739; x_wconf 81' lang='lat' dir='ltr'><strong>ahelineo</strong></span> <span class='ocrx_word' id='word_1_120' title='bbox 1121 1670 1231 1738; x_wconf 87' lang='lat' dir='ltr'><strong>ieiuno</strong></span> 
     </span>
     <span class='ocr_line' id='line_1_15' title="bbox 110 1772 1231 1865; baseline 0.004 -29"><span class='ocrx_word' id='word_1_121' title='bbox 110 1773 251 1865; x_wconf 85' lang='lat' dir='ltr'><strong>itemque</strong></span> <span class='ocrx_word' id='word_1_122' title='bbox 272 1782 346 1858; x_wconf 87' lang='lat' dir='ltr'><strong>post</strong></span> <span class='ocrx_word' id='word_1_123' title='bbox 367 1773 474 1840; x_wconf 86' lang='lat' dir='ltr'><strong>eibum</strong></span> <span class='ocrx_word' id='word_1_124' title='bbox 496 1775 620 1861; x_wconf 78' lang='lat' dir='ltr'><strong>cyathis</strong></span> <span class='ocrx_word' id='word_1_125' title='bbox 641 1775 778 1864; x_wconf 88' lang='lat' dir='ltr'><strong>singulis</strong></span> <span class='ocrx_word' id='word_1_126' title='bbox 798 1786 884 1862; x_wconf 88' lang='lat' dir='ltr'><strong>pota.</strong></span> <span class='ocrx_word' id='word_1_127' title='bbox 916 1773 1041 1840; x_wconf 88' lang='lat' dir='ltr'><strong>Mirum</strong></span> <span class='ocrx_word' id='word_1_128' title='bbox 1069 1784 1118 1840; x_wconf 90' lang='lat' dir='ltr'><strong>est</strong></span> <span class='ocrx_word' id='word_1_129' title='bbox 1143 1772 1231 1858; x_wconf 89' lang='lat' dir='ltr'><strong>quod</strong></span> 
     </span>
     <span class='ocr_line' id='line_1_16' title="bbox 110 1872 1232 1962; baseline 0.002 -23"><span class='ocrx_word' id='word_1_130' title='bbox 110 1872 315 1941; x_wconf 87' lang='lat' dir='ltr'><strong>Xenocrates</strong></span> <span class='ocrx_word' id='word_1_131' title='bbox 328 1874 487 1962; x_wconf 88' lang='lat' dir='ltr'><strong>promittit</strong></span> <span class='ocrx_word' id='word_1_132' title='bbox 500 1875 730 1962; x_wconf 87' lang='lat' dir='ltr'><strong>experimento,</strong></span> <span class='ocrx_word' id='word_1_133' title='bbox 752 1876 866 1942; x_wconf 90' lang='lat' dir='ltr'><strong>vitium</strong></span> <span class='ocrx_word' id='word_1_134' title='bbox 885 1876 922 1942; x_wconf 87' lang='lat' dir='ltr'><strong>id</strong></span> <span class='ocrx_word' id='word_1_135' title='bbox 943 1900 985 1944; x_wconf 85' lang='lat' dir='ltr'><strong>ex</strong></span> <span class='ocrx_word' id='word_1_136' title='bbox 1005 1875 1066 1941; x_wconf 87' lang='lat' dir='ltr'><strong>alis</strong></span> <span class='ocrx_word' id='word_1_137' title='bbox 1086 1896 1145 1962; x_wconf 87' lang='lat' dir='ltr'><strong>per</strong></span> <span class='ocrx_word' id='word_1_138' title='bbox 1165 1874 1232 1941; x_wconf 90' lang='lat' dir='ltr'><strong>uri·</strong></span> 
     </span>
     <span class='ocr_line' id='line_1_17' title="bbox 110 1974 348 2042; baseline 0.004 -3"><span class='ocrx_word' id='word_1_139' title='bbox 110 1996 184 2039; x_wconf 85' lang='lat' dir='ltr'><strong>nam</strong></span> <span class='ocrx_word' id='word_1_140' title='bbox 206 1974 348 2042; x_wconf 87' lang='lat' dir='ltr'><strong>effluere.</strong></span> 
     </span>
    </p>

    <p class='ocr_par' dir='ltr' id='par_1_4' title="bbox 110 2074 1362 2771">
     <span class='ocr_line' id='line_1_18' title="bbox 153 2074 1362 2162; baseline 0 -22"><span class='ocrx_word' id='word_1_141' title='bbox 153 2078 205 2142; x_wconf 83' lang='lat'><strong>44.</strong></span> <span class='ocrx_word' id='word_1_142' title='bbox 228 2075 332 2142; x_wconf 82' lang='lat' dir='ltr'><strong>Estur</strong></span> <span class='ocrx_word' id='word_1_143' title='bbox 351 2087 384 2142; x_wconf 90' lang='lat' dir='ltr'><strong>et</strong></span> <span class='ocrx_word' id='word_1_144' title='bbox 406 2076 552 2157; x_wconf 89' lang='lat' dir='ltr'><strong>sonchos‚</strong></span> <span class='ocrx_word' id='word_1_145' title='bbox 576 2132 616 2142; x_wconf 85' lang='lat'><em>-</em></span> <span class='ocrx_word' id='word_1_146' title='bbox 637 2088 674 2143; x_wconf 87' lang='lat' dir='ltr'><strong>ut</strong></span> <span class='ocrx_word' id='word_1_147' title='bbox 696 2100 791 2162; x_wconf 89' lang='lat' dir='ltr'><strong>quem</strong></span> <span class='ocrx_word' id='word_1_148' title='bbox 815 2077 946 2143; x_wconf 82' lang='lat' dir='ltr'><strong>Theseo</strong></span> <span class='ocrx_word' id='word_1_149' title='bbox 966 2077 1055 2162; x_wconf 90' lang='lat' dir='ltr'><strong>apud</strong></span> <span class='ocrx_word' id='word_1_150' title='bbox 1075 2074 1276 2141; x_wconf 76' lang='lat' dir='ltr'><strong>Callima-⁸8</strong></span> <span class='ocrx_word' id='word_1_151' title='bbox 1355 2094 1362 2103; x_wconf 92' lang='grc'>·</span> 
     </span>
     <span class='ocr_line' id='line_1_19' title="bbox 111 2174 1232 2266; baseline 0.001 -24"><span class='ocrx_word' id='word_1_152' title='bbox 111 2176 207 2243; x_wconf 86' lang='lat' dir='ltr'><strong>ohum</strong></span> <span class='ocrx_word' id='word_1_153' title='bbox 228 2177 370 2264; x_wconf 83' lang='lat' dir='ltr'><strong>adponat</strong></span> <span class='ocrx_word' id='word_1_154' title='bbox 389 2174 523 2255; x_wconf 87' lang='lat' dir='ltr'><strong>Hecale,</strong></span> <span class='ocrx_word' id='word_1_155' title='bbox 545 2232 585 2241; x_wconf 78' lang='grc'><strong>-</strong></span> <span class='ocrx_word' id='word_1_156' title='bbox 608 2188 752 2264; x_wconf 87' lang='lat' dir='ltr'><strong>uterque,</strong></span> <span class='ocrx_word' id='word_1_157' title='bbox 779 2179 871 2246; x_wconf 89' lang='lat' dir='ltr'><strong>albus</strong></span> <span class='ocrx_word' id='word_1_158' title='bbox 893 2189 925 2244; x_wconf 89' lang='lat' dir='ltr'><strong>et</strong></span> <span class='ocrx_word' id='word_1_159' title='bbox 946 2179 1056 2266; x_wconf 83' lang='lat' dir='ltr'><strong>niger3</strong></span> <span class='ocrx_word' id='word_1_160' title='bbox 1088 2178 1232 2243; x_wconf 87' lang='lat' dir='ltr'><strong>lactucae</strong></span> 
     </span>
     <span class='ocr_line' id='line_1_20' title="bbox 112 2275 1231 2365; baseline -0.002 -21"><span class='ocrx_word' id='word_1_161' title='bbox 112 2277 232 2344; x_wconf 84' lang='lat' dir='ltr'><strong>similes</strong></span> <span class='ocrx_word' id='word_1_162' title='bbox 259 2275 364 2356; x_wconf 85' lang='lat' dir='ltr'><strong>ambo,</strong></span> <span class='ocrx_word' id='word_1_163' title='bbox 392 2277 456 2344; x_wconf 90' lang='lat' dir='ltr'><strong>nisi</strong></span> <span class='ocrx_word' id='word_1_164' title='bbox 485 2279 604 2364; x_wconf 89' lang='lat' dir='ltr'><strong>spinosi</strong></span> <span class='ocrx_word' id='word_1_165' title='bbox 626 2290 750 2358; x_wconf 84' lang='lat' dir='ltr'><strong>essent,</strong></span> <span class='ocrx_word' id='word_1_166' title='bbox 781 2281 871 2346; x_wconf 82' lang='lat' dir='ltr'><strong>carde</strong></span> <span class='ocrx_word' id='word_1_167' title='bbox 893 2279 1035 2358; x_wconf 86' lang='lat' dir='ltr'><strong>cubitali,</strong></span> <span class='ocrx_word' id='word_1_168' title='bbox 1062 2279 1231 2365; x_wconf 89' lang='lat' dir='ltr'><strong>anguloso,</strong></span> 
     </span>
     <span class='ocr_line' id='line_1_21' title="bbox 111 2378 1304 2467; baseline -0.002 -22"><span class='ocrx_word' id='word_1_169' title='bbox 111 2379 200 2445; x_wconf 87' lang='lat' dir='ltr'><strong>intus</strong></span> <span class='ocrx_word' id='word_1_170' title='bbox 227 2398 307 2444; x_wconf 83' lang='lat' dir='ltr'><strong>cavo</strong></span> <span class='ocrx_word' id='word_1_171' title='bbox 334 2379 391 2444; x_wconf 88' lang='lat' dir='ltr'><strong>sed</strong></span> <span class='ocrx_word' id='word_1_172' title='bbox 413 2380 469 2463; x_wconf 91' lang='lat' dir='ltr'><strong>qui</strong></span> <span class='ocrx_word' id='word_1_173' title='bbox 491 2379 613 2445; x_wconf 73' lang='lat' dir='ltr'><strong>fractus</strong></span> <span class='ocrx_word' id='word_1_174' title='bbox 634 2380 764 2467; x_wconf 88' lang='lat' dir='ltr'><strong>copioso</strong></span> <span class='ocrx_word' id='word_1_175' title='bbox 784 2381 868 2446; x_wconf 88' lang='lat' dir='ltr'><strong>lacte</strong></span> <span class='ocrx_word' id='word_1_176' title='bbox 888 2390 1005 2446; x_wconf 89' lang='lat' dir='ltr'><strong>manet.</strong></span> <span class='ocrx_word' id='word_1_177' title='bbox 1037 2379 1152 2457; x_wconf 88' lang='lat' dir='ltr'><strong>Albus,</strong></span> <span class='ocrx_word' id='word_1_178' title='bbox 1175 2378 1232 2462; x_wconf 87' lang='lat' dir='ltr'><strong>qui</strong></span> <span class='ocrx_word' id='word_1_179' title='bbox 1299 2387 1304 2393; x_wconf 83' lang='grc'><strong>’</strong></span> 
     </span>
     <span class='ocr_line' id='line_1_22' title="bbox 112 2479 1230 2566; baseline -0.003 -21"><span class='ocrx_word' id='word_1_180' title='bbox 112 2479 241 2548; x_wconf 80' lang='lat' dir='ltr'><strong>electe</strong></span> <span class='ocrx_word' id='word_1_181' title='bbox 266 2479 365 2557; x_wconf 86' lang='lat' dir='ltr'><strong>nitor,</strong></span> <span class='ocrx_word' id='word_1_182' title='bbox 392 2481 480 2548; x_wconf 87' lang='lat' dir='ltr'><strong>utilis</strong></span> <span class='ocrx_word' id='word_1_183' title='bbox 506 2480 723 2566; x_wconf 87' lang='lat' dir='ltr'><strong>orthopnoicis</strong></span> <span class='ocrx_word' id='word_1_184' title='bbox 748 2481 944 2546; x_wconf 85' lang='lat' dir='ltr'><strong>lactucarum</strong></span> <span class='ocrx_word' id='word_1_185' title='bbox 970 2479 1066 2546; x_wconf 89' lang='lat' dir='ltr'><strong>modo</strong></span> <span class='ocrx_word' id='word_1_186' title='bbox 1092 2501 1135 2544; x_wconf 87' lang='lat' dir='ltr'><strong>ex</strong></span> <span class='ocrx_word' id='word_1_187' title='bbox 1162 2499 1230 2544; x_wconf 92' lang='lat' dir='ltr'><strong>em·</strong></span> 
     </span>
     <span class='ocr_line' id='line_1_23' title="bbox 110 2579 1230 2667; baseline -0.003 -22"><span class='ocrx_word' id='word_1_188' title='bbox 110 2579 279 2646; x_wconf 81' lang='lat' dir='ltr'><strong>hammate.</strong></span> <span class='ocrx_word' id='word_1_189' title='bbox 302 2579 520 2648; x_wconf 76' lang='lat' dir='ltr'><strong>Erasistratus</strong></span> <span class='ocrx_word' id='word_1_190' title='bbox 542 2581 683 2647; x_wconf 88' lang='lat' dir='ltr'><strong>calculos</strong></span> <span class='ocrx_word' id='word_1_191' title='bbox 701 2603 760 2666; x_wconf 89' lang='lat' dir='ltr'><strong>per</strong></span> <span class='ocrx_word' id='word_1_192' title='bbox 781 2581 907 2646; x_wconf 86' lang='lat' dir='ltr'><strong>urinam</strong></span> <span class='ocrx_word' id='word_1_193' title='bbox 923 2580 1000 2667; x_wconf 89' lang='lat' dir='ltr'><strong>pelli</strong></span> <span class='ocrx_word' id='word_1_194' title='bbox 1021 2601 1061 2645; x_wconf 90' lang='lat' dir='ltr'><strong>eo</strong></span> <span class='ocrx_word' id='word_1_195' title='bbox 1074 2588 1230 2645; x_wconf 86' lang='lat' dir='ltr'><strong>monstrat</strong></span> 
     </span>
     <span class='ocr_line' id='line_1_24' title="bbox 111 2677 1275 2771; baseline -0.001 -26"><span class='ocrx_word' id='word_1_196' title='bbox 111 2680 236 2748; x_wconf 83' lang='lat' dir='ltr'><strong>eteris</strong></span> <span class='ocrx_word' id='word_1_197' title='bbox 263 2684 514 2771; x_wconf 76' lang='lat' dir='ltr'><strong>graveolentiam</strong></span> <span class='ocrx_word' id='word_1_198' title='bbox 541 2682 793 2751; x_wconf 80' lang='lat' dir='ltr'><strong>conmanducata</strong></span> <span class='ocrx_word' id='word_1_199' title='bbox 824 2681 954 2770; x_wconf 83' lang='lat' dir='ltr'><strong>corrigi.</strong></span> <span class='ocrx_word' id='word_1_200' title='bbox 996 2677 1104 2746; x_wconf 88' lang='lat' dir='ltr'><strong>Sucus</strong></span> <span class='ocrx_word' id='word_1_201' title='bbox 1132 2681 1229 2745; x_wconf 88' lang='lat' dir='ltr'><strong>trium</strong></span> <span class='ocrx_word' id='word_1_202' title='bbox 1243 2694 1275 2737; x_wconf 78' lang='lat'><strong>8⁹</strong></span> 
     </span>
    </p>
   </div>
   <div class='ocr_carea' id='block_1_3' title="bbox 107 2849 1230 3328">
    <p class='ocr_par' dir='ltr' id='par_1_5' title="bbox 107 2849 1230 3328">
     <span class='ocr_line' id='line_1_25' title="bbox 110 2849 1230 2922; baseline 0.001 -19"><span class='ocrx_word' id='word_1_203' title='bbox 110 2854 143 2904; x_wconf 90' lang='lat' dir='ltr'><strong>V.</strong></span> <span class='ocrx_word' id='word_1_204' title='bbox 155 2854 288 2920; x_wconf 76' lang='lat' dir='ltr'><strong>Theophr.</strong></span> <span class='ocrx_word' id='word_1_205' title='bbox 301 2856 512 2922; x_wconf 79' lang='lat' dir='ltr'><strong>hia.punt.v1.</strong></span> <span class='ocrx_word' id='word_1_206' title='bbox 524 2863 549 2919; x_wconf 78' lang='lat'><strong>4,</strong></span> <span class='ocrx_word' id='word_1_207' title='bbox 561 2863 585 2909; x_wconf 79' lang='grc'><strong>3.</strong></span> <span class='ocrx_word' id='word_1_208' title='bbox 598 2865 623 2911; x_wconf 85' lang='lat' dir='ltr'><strong>et</strong></span> <span class='ocrx_word' id='word_1_209' title='bbox 634 2858 752 2910; x_wconf 83' lang='lat' dir='ltr'><strong>Dioscor.</strong></span> <span class='ocrx_word' id='word_1_210' title='bbox 764 2864 790 2920; x_wconf 82' lang='grc'><strong>8,</strong></span> <span class='ocrx_word' id='word_1_211' title='bbox 804 2863 844 2909; x_wconf 79' lang='grc'><strong>14.</strong></span> <span class='ocrx_word' id='word_1_212' title='bbox 862 2897 893 2909; x_wconf 78' lang='lat'>-</span> <span class='ocrx_word' id='word_1_213' title='bbox 915 2852 1056 2921; x_wconf 64' lang='lat' dir='ltr'><strong>copellccr&#39;t,</strong></span> <span class='ocrx_word' id='word_1_214' title='bbox 1066 2855 1126 2905; x_wconf 76' lang='lat' dir='ltr'><strong>Ru.</strong></span> <span class='ocrx_word' id='word_1_215' title='bbox 1146 2849 1230 2917; x_wconf 79' lang='lat' dir='ltr'><strong>appel-</strong></span> 
     </span>
     <span class='ocr_line' id='line_1_26' title="bbox 111 2917 1230 3004; baseline -0.001 -34"><span class='ocrx_word' id='word_1_216' title='bbox 111 2918 170 2985; x_wconf 77' lang='lat' dir='ltr'><strong>lant,</strong></span> <span class='ocrx_word' id='word_1_217' title='bbox 183 2923 218 2974; x_wconf 87' lang='lat' dir='ltr'><strong>V.</strong></span> <span class='ocrx_word' id='word_1_218' title='bbox 234 2921 350 3002; x_wconf 65' lang='lat' dir='ltr'><strong>appellet,</strong></span> <span class='ocrx_word' id='word_1_219' title='bbox 362 2919 434 2989; x_wconf 76' lang='grc' dir='ltr'><strong>ᾱβγ.</strong></span> <span class='ocrx_word' id='word_1_220' title='bbox 454 2965 486 2976; x_wconf 90' lang='grc'><strong>..</strong></span> <span class='ocrx_word' id='word_1_221' title='bbox 503 2927 700 3004; x_wconf 69' lang='lat' dir='ltr'><strong>compensati.</strong></span> <span class='ocrx_word' id='word_1_222' title='bbox 718 2966 750 2976; x_wconf 85' lang='lat'><strong>..</strong></span> <span class='ocrx_word' id='word_1_223' title='bbox 768 2923 935 3004; x_wconf 53' lang='lat' dir='ltr'><strong>eremum.</strong></span> <span class='ocrx_word' id='word_1_224' title='bbox 960 2921 1086 2995; x_wconf 65' lang='lat' dir='ltr'><strong>tuusque,</strong></span> <span class='ocrx_word' id='word_1_225' title='bbox 1097 2922 1132 2972; x_wconf 85' lang='lat' dir='ltr'><strong>V.</strong></span> <span class='ocrx_word' id='word_1_226' title='bbox 1150 2917 1230 2971; x_wconf 66' lang='lat' dir='ltr'><strong>criti</strong></span> 
     </span>
     <span class='ocr_line' id='line_1_27' title="bbox 109 2985 1230 3134; baseline -0.001 -29"><span class='ocrx_word' id='word_1_227' title='bbox 109 2988 424 3134; x_wconf 40' lang='lat' dir='ltr'><strong>tetthfltttttt:</strong></span> <span class='ocrx_word' id='word_1_228' title='bbox 432 2991 670 3124; x_wconf 35' lang='lat' dir='ltr'><strong>redditi:</strong></span> <span class='ocrx_word' id='word_1_229' title='bbox 689 2991 951 3124; x_wconf 51' lang='lat' dir='ltr'><strong>mitiori?</strong></span> <span class='ocrx_word' id='word_1_230' title='bbox 961 2985 1230 3122; x_wconf 50' lang='lat' dir='ltr'><strong>{diffiteris</strong></span> 
     </span>
     <span class='ocr_line' id='line_1_28' title="bbox 107 3121 1228 3192; baseline -0.004 -18"><span class='ocrx_word' id='word_1_231' title='bbox 107 3121 216 3174; x_wconf 78' lang='lat' dir='ltr'><strong>Heesodo</strong></span> <span class='ocrx_word' id='word_1_232' title='bbox 231 3139 274 3190; x_wconf 88' lang='lat' dir='ltr'><strong>op.</strong></span> <span class='ocrx_word' id='word_1_233' title='bbox 290 3133 317 3176; x_wconf 89' lang='lat' dir='ltr'><strong>et</strong></span> <span class='ocrx_word' id='word_1_234' title='bbox 332 3127 454 3178; x_wconf 71' lang='lat' dir='ltr'><strong>diescet.</strong></span> <span class='ocrx_word' id='word_1_235' title='bbox 472 3167 504 3178; x_wconf 92' lang='lat'><strong>...</strong></span> <span class='ocrx_word' id='word_1_236' title='bbox 531 3127 622 3178; x_wconf 77' lang='lat' dir='ltr'><strong>Alcaeo</strong></span> <span class='ocrx_word' id='word_1_237' title='bbox 639 3144 680 3192; x_wconf 85' lang='lat' dir='ltr'><strong>ap.</strong></span> <span class='ocrx_word' id='word_1_238' title='bbox 694 3129 817 3179; x_wconf 89' lang='lat' dir='ltr'><strong>Proelum</strong></span> <span class='ocrx_word' id='word_1_239' title='bbox 834 3129 867 3181; x_wconf 87' lang='lat' dir='ltr'><strong>ad</strong></span> <span class='ocrx_word' id='word_1_240' title='bbox 883 3127 991 3178; x_wconf 86' lang='lat' dir='ltr'><strong>Hesiodi</strong></span> <span class='ocrx_word' id='word_1_241' title='bbox 1002 3127 1020 3176; x_wconf 92' lang='lat' dir='ltr'><strong>l.</strong></span> <span class='ocrx_word' id='word_1_242' title='bbox 1032 3125 1049 3177; x_wconf 92' lang='lat' dir='ltr'><strong>l.</strong></span> <span class='ocrx_word' id='word_1_243' title='bbox 1067 3139 1101 3175; x_wconf 86' lang='lat' dir='ltr'><strong>ex</strong></span> <span class='ocrx_word' id='word_1_244' title='bbox 1112 3124 1228 3175; x_wconf 88' lang='lat' dir='ltr'><strong>emenda·</strong></span> 
     </span>
     <span class='ocr_line' id='line_1_29' title="bbox 108 3189 1228 3260; baseline -0.001 -20"><span class='ocrx_word' id='word_1_245' title='bbox 108 3191 180 3241; x_wconf 87' lang='lat' dir='ltr'><strong>tione</strong></span> <span class='ocrx_word' id='word_1_246' title='bbox 195 3192 302 3243; x_wconf 82' lang='lat' dir='ltr'><strong>Seidleri</strong></span> <span class='ocrx_word' id='word_1_247' title='bbox 317 3195 344 3244; x_wconf 89' lang='lat' dir='ltr'><strong>in</strong></span> <span class='ocrx_word' id='word_1_248' title='bbox 360 3194 454 3244; x_wconf 81' lang='lat' dir='ltr'><strong>Museo</strong></span> <span class='ocrx_word' id='word_1_249' title='bbox 466 3196 591 3251; x_wconf 79' lang='lat' dir='ltr'><strong>Bhenuuo</strong></span> <span class='ocrx_word' id='word_1_250' title='bbox 606 3200 679 3249; x_wconf 78' lang='lat'><strong>1829.</strong></span> <span class='ocrx_word' id='word_1_251' title='bbox 696 3195 757 3247; x_wconf 82' lang='lat' dir='ltr'><strong>iaso.</strong></span> <span class='ocrx_word' id='word_1_252' title='bbox 770 3202 794 3246; x_wconf 79' lang='lat'><strong>2.</strong></span> <span class='ocrx_word' id='word_1_253' title='bbox 810 3198 906 3260; x_wconf 60' lang='grc'><strong>18817.</strong></span> <span class='ocrx_word' id='word_1_254' title='bbox 924 3194 982 3244; x_wconf 85' lang='lat' dir='ltr'><strong>coll.</strong></span> <span class='ocrx_word' id='word_1_255' title='bbox 999 3192 1133 3243; x_wconf 80' lang='lat' dir='ltr'><strong>Aristotel.</strong></span> <span class='ocrx_word' id='word_1_256' title='bbox 1144 3189 1228 3254; x_wconf 85' lang='lat' dir='ltr'><strong>probi.</strong></span> 
     </span>
     <span class='ocr_line' id='line_1_30' title="bbox 107 3257 1230 3328; baseline 0.004 -20"><span class='ocrx_word' id='word_1_257' title='bbox 107 3261 133 3320; x_wconf 80' lang='lat'><strong>4,</strong></span> <span class='ocrx_word' id='word_1_258' title='bbox 150 3262 192 3309; x_wconf 74' lang='grc'><strong>88.</strong></span> <span class='ocrx_word' id='word_1_259' title='bbox 211 3258 455 3323; x_wconf 68' lang='grc' dir='ltr'><strong>-]1ωεηεεω,1Ῑ.</strong></span> <span class='ocrx_word' id='word_1_260' title='bbox 473 3261 719 3326; x_wconf 64' lang='lat' dir='ltr'><strong>florenteemlt.</strong></span> <span class='ocrx_word' id='word_1_261' title='bbox 736 3261 952 3328; x_wconf 71' lang='lat' dir='ltr'><strong>florestereeco,</strong></span> <span class='ocrx_word' id='word_1_262' title='bbox 970 3263 994 3312; x_wconf 90' lang='lat' dir='ltr'><strong>d.</strong></span> <span class='ocrx_word' id='word_1_263' title='bbox 1014 3301 1046 3312; x_wconf 83' lang='lat'><strong>..</strong></span> <span class='ocrx_word' id='word_1_264' title='bbox 1068 3257 1181 3321; x_wconf 68' lang='lat' dir='ltr'><strong>aderis,</strong></span> <span class='ocrx_word' id='word_1_265' title='bbox 1197 3258 1230 3312; x_wconf 61' lang='lat' dir='ltr'><strong>Ba</strong></span> 
     </span>
    </p>
   </div>
   <div class='ocr_carea' id='block_1_4' title="bbox 106 3346 1229 3548">
    <p class='ocr_par' dir='ltr' id='par_1_6' title="bbox 106 3346 1229 3548">
     <span class='ocr_line' id='line_1_31' title="bbox 141 3346 1229 3420; baseline -0.002 -18"><span class='ocrx_word' id='word_1_266' title='bbox 141 3348 210 3412; x_wconf 72' lang='lat' dir='ltr'><strong>§su</strong></span> <span class='ocrx_word' id='word_1_267' title='bbox 236 3347 305 3414; x_wconf 76' lang='lat' dir='ltr'><strong>Itsm,</strong></span> <span class='ocrx_word' id='word_1_268' title='bbox 316 3353 370 3404; x_wconf 82' lang='lat' dir='ltr'><strong>Rd.</strong></span> <span class='ocrx_word' id='word_1_269' title='bbox 392 3351 468 3416; x_wconf 84' lang='lat' dir='ltr'><strong>Idem,</strong></span> <span class='ocrx_word' id='word_1_270' title='bbox 480 3355 528 3405; x_wconf 83' lang='lat' dir='ltr'><strong>Tr.</strong></span> <span class='ocrx_word' id='word_1_271' title='bbox 551 3352 579 3404; x_wconf 75' lang='lat' dir='ltr'><strong>id</strong></span> <span class='ocrx_word' id='word_1_272' title='bbox 592 3362 634 3418; x_wconf 81' lang='lat' dir='ltr'><strong>est,</strong></span> <span class='ocrx_word' id='word_1_273' title='bbox 649 3346 710 3405; x_wconf 66' lang='lat' dir='ltr'><strong>GV.</strong></span> <span class='ocrx_word' id='word_1_274' title='bbox 729 3396 761 3405; x_wconf 94' lang='grc'><strong>...</strong></span> <span class='ocrx_word' id='word_1_275' title='bbox 782 3353 972 3420; x_wconf 73' lang='lat' dir='ltr'><strong>ymriclents&#39;om,</strong></span> <span class='ocrx_word' id='word_1_276' title='bbox 983 3352 1045 3404; x_wconf 77' lang='lat' dir='ltr'><strong>RV.</strong></span> <span class='ocrx_word' id='word_1_277' title='bbox 1064 3393 1096 3402; x_wconf 92' lang='grc'><strong>...</strong></span> <span class='ocrx_word' id='word_1_278' title='bbox 1114 3350 1183 3413; x_wconf 70' lang='lat' dir='ltr'><strong>visti,</strong></span> <span class='ocrx_word' id='word_1_279' title='bbox 1195 3352 1229 3402; x_wconf 89' lang='lat' dir='ltr'><strong>V.</strong></span> 
     </span>
     <span class='ocr_line' id='line_1_32' title="bbox 106 3418 1229 3548; baseline 0.003 -12"><span class='ocrx_word' id='word_1_280' title='bbox 106 3418 707 3548; x_wconf 53' lang='grc' dir='ltr'><strong>.11.11τ’11,..ΜΒ·</strong></span> <span class='ocrx_word' id='word_1_281' title='bbox 726 3464 757 3473; x_wconf 95' lang='grc'>-</span> <span class='ocrx_word' id='word_1_282' title='bbox 775 3422 916 3486; x_wconf 88' lang='lat'><strong>...</strong></span> <span class='ocrx_word' id='word_1_283' title='bbox 934 3420 1229 3487; x_wconf 54' lang='lat' dir='ltr'><strong>aa...</strong></span> 
     </span>
    </p>
   </div>
   <div class='ocr_carea' id='block_1_5' title="bbox 101 3577 1229 4186">
    <p class='ocr_par' dir='ltr' id='par_1_7' title="bbox 101 3577 1229 4186">
     <span class='ocr_line' id='line_1_33' title="bbox 139 3577 1229 3646; baseline 0.005 -16"><span class='ocrx_word' id='word_1_284' title='bbox 139 3577 155 3640; x_wconf 63' lang='grc' dir='ltr'>ξ</span> <span class='ocrx_word' id='word_1_285' title='bbox 168 3583 209 3630; x_wconf 86' lang='grc'><strong>88.</strong></span> <span class='ocrx_word' id='word_1_286' title='bbox 227 3579 337 3639; x_wconf 76' lang='lat' dir='ltr'><strong>scachos,</strong></span> <span class='ocrx_word' id='word_1_287' title='bbox 350 3583 373 3630; x_wconf 84' lang='lat' dir='ltr'><strong>d.</strong></span> <span class='ocrx_word' id='word_1_288' title='bbox 390 3596 485 3642; x_wconf 83' lang='lat' dir='ltr'><strong>soncos,</strong></span> <span class='ocrx_word' id='word_1_289' title='bbox 496 3582 530 3632; x_wconf 86' lang='lat' dir='ltr'><strong>V.</strong></span> <span class='ocrx_word' id='word_1_290' title='bbox 548 3597 648 3646; x_wconf 76' lang='lat' dir='ltr'><strong>ycncos,</strong></span> <span class='ocrx_word' id='word_1_291' title='bbox 660 3583 693 3633; x_wconf 74' lang='lat' dir='ltr'>R</span> <span class='ocrx_word' id='word_1_292' title='bbox 710 3582 744 3632; x_wconf 85' lang='lat' dir='ltr'><strong>V.</strong></span> <span class='ocrx_word' id='word_1_293' title='bbox 756 3582 872 3634; x_wconf 86' lang='lat' dir='ltr'><strong>Dioscor.</strong></span> <span class='ocrx_word' id='word_1_294' title='bbox 886 3589 915 3646; x_wconf 77' lang='lat'><strong>2,</strong></span> <span class='ocrx_word' id='word_1_295' title='bbox 929 3586 986 3635; x_wconf 78' lang='lat'><strong>158.</strong></span> <span class='ocrx_word' id='word_1_296' title='bbox 1005 3623 1037 3633; x_wconf 87' lang='grc'><strong>..</strong></span> <span class='ocrx_word' id='word_1_297' title='bbox 1058 3578 1229 3635; x_wconf 69' lang='lat' dir='ltr'><strong>Callimachum</strong></span> 
     </span>
     <span class='ocr_line' id='line_1_34' title="bbox 105 3645 1228 3713; baseline 0.003 -16"><span class='ocrx_word' id='word_1_298' title='bbox 105 3645 197 3711; x_wconf 77' lang='lat' dir='ltr'><strong>fragm.</strong></span> <span class='ocrx_word' id='word_1_299' title='bbox 210 3651 251 3698; x_wconf 82' lang='grc'><strong>63.</strong></span> <span class='ocrx_word' id='word_1_300' title='bbox 263 3650 301 3697; x_wconf 88' lang='lat' dir='ltr'><strong>ed.</strong></span> <span class='ocrx_word' id='word_1_301' title='bbox 312 3649 397 3697; x_wconf 88' lang='lat' dir='ltr'><strong>Bentl.</strong></span> <span class='ocrx_word' id='word_1_302' title='bbox 411 3688 442 3699; x_wconf 90' lang='grc'><strong>...</strong></span> <span class='ocrx_word' id='word_1_303' title='bbox 460 3648 575 3712; x_wconf 80' lang='lat' dir='ltr'><strong>adponat,</strong></span> <span class='ocrx_word' id='word_1_304' title='bbox 584 3651 617 3699; x_wconf 90' lang='lat' dir='ltr'><strong>R.</strong></span> <span class='ocrx_word' id='word_1_305' title='bbox 634 3656 745 3713; x_wconf 83' lang='lat' dir='ltr'><strong>opponat,</strong></span> <span class='ocrx_word' id='word_1_306' title='bbox 754 3651 810 3702; x_wconf 85' lang='lat' dir='ltr'><strong>Vd.</strong></span> <span class='ocrx_word' id='word_1_307' title='bbox 824 3693 855 3702; x_wconf 89' lang='lat'><strong>..</strong></span> <span class='ocrx_word' id='word_1_308' title='bbox 870 3648 970 3713; x_wconf 83' lang='lat' dir='ltr'><strong>Hecale,</strong></span> <span class='ocrx_word' id='word_1_309' title='bbox 982 3650 1087 3711; x_wconf 77' lang='lat' dir='ltr'><strong>sabell,</strong></span> <span class='ocrx_word' id='word_1_310' title='bbox 1099 3650 1228 3713; x_wconf 82' lang='lat' dir='ltr'><strong>Beroald,</strong></span> 
     </span>
     <span class='ocr_line' id='line_1_35' title="bbox 105 3713 1227 3779; baseline 0.004 -16"><span class='ocrx_word' id='word_1_311' title='bbox 105 3713 210 3764; x_wconf 78' lang='lat' dir='ltr'><strong>Barbar.</strong></span> <span class='ocrx_word' id='word_1_312' title='bbox 236 3713 352 3776; x_wconf 63' lang='lat' dir='ltr'><strong>Hecura,</strong></span> <span class='ocrx_word' id='word_1_313' title='bbox 367 3716 399 3766; x_wconf 83' lang='lat' dir='ltr'><strong>B.</strong></span> <span class='ocrx_word' id='word_1_314' title='bbox 425 3714 534 3778; x_wconf 79' lang='lat' dir='ltr'><strong>Hecalet,</strong></span> <span class='ocrx_word' id='word_1_315' title='bbox 547 3719 570 3767; x_wconf 91' lang='lat' dir='ltr'><strong>d.</strong></span> <span class='ocrx_word' id='word_1_316' title='bbox 598 3713 783 3777; x_wconf 57' lang='lat' dir='ltr'><strong>haeecletll.</strong></span> <span class='ocrx_word' id='word_1_317' title='bbox 802 3760 833 3769; x_wconf 93' lang='grc'><strong>..</strong></span> <span class='ocrx_word' id='word_1_318' title='bbox 860 3717 952 3779; x_wconf 62' lang='lat' dir='ltr'><strong>emtis</strong></span> <span class='ocrx_word' id='word_1_319' title='bbox 963 3719 996 3769; x_wconf 86' lang='lat' dir='ltr'><strong>R.</strong></span> <span class='ocrx_word' id='word_1_320' title='bbox 1015 3758 1047 3767; x_wconf 91' lang='grc'><strong>...</strong></span> <span class='ocrx_word' id='word_1_321' title='bbox 1073 3732 1141 3778; x_wconf 80' lang='lat' dir='ltr'><strong>cano,</strong></span> <span class='ocrx_word' id='word_1_322' title='bbox 1154 3720 1177 3769; x_wconf 90' lang='lat' dir='ltr'><strong>d.</strong></span> <span class='ocrx_word' id='word_1_323' title='bbox 1196 3757 1227 3767; x_wconf 92' lang='grc'><strong>..</strong></span> 
     </span>
     <span class='ocr_line' id='line_1_36' title="bbox 104 3780 1229 3849; baseline 0.004 -19"><span class='ocrx_word' id='word_1_324' title='bbox 104 3780 176 3843; x_wconf 78' lang='lat' dir='ltr'><strong>nitro,</strong></span> <span class='ocrx_word' id='word_1_325' title='bbox 187 3782 219 3831; x_wconf 88' lang='lat' dir='ltr'><strong>R.</strong></span> <span class='ocrx_word' id='word_1_326' title='bbox 243 3790 330 3844; x_wconf 82' lang='lat' dir='ltr'><strong>munet,</strong></span> <span class='ocrx_word' id='word_1_327' title='bbox 346 3780 535 3844; x_wconf 70' lang='lat' dir='ltr'><strong>aluo-nidor,</strong></span> <span class='ocrx_word' id='word_1_328' title='bbox 547 3784 615 3834; x_wconf 89' lang='lat' dir='ltr'><strong>Pint.</strong></span> <span class='ocrx_word' id='word_1_329' title='bbox 639 3783 678 3832; x_wconf 79' lang='lat' dir='ltr'><strong>cui</strong></span> <span class='ocrx_word' id='word_1_330' title='bbox 687 3790 723 3832; x_wconf 84' lang='lat' dir='ltr'><strong>est</strong></span> <span class='ocrx_word' id='word_1_331' title='bbox 734 3782 804 3835; x_wconf 78' lang='lat' dir='ltr'><strong>loot&#39;s</strong></span> <span class='ocrx_word' id='word_1_332' title='bbox 815 3786 885 3847; x_wconf 77' lang='lat' dir='ltr'><strong>nitor,</strong></span> <span class='ocrx_word' id='word_1_333' title='bbox 900 3784 990 3837; x_wconf 79' lang='lat' dir='ltr'><strong>Dulce.</strong></span> <span class='ocrx_word' id='word_1_334' title='bbox 1013 3785 1081 3835; x_wconf 84' lang='lat' dir='ltr'><strong>Mihi</strong></span> <span class='ocrx_word' id='word_1_335' title='bbox 1093 3785 1229 3849; x_wconf 77' lang='lat' dir='ltr'><strong>legendum</strong></span> 
     </span>
     <span class='ocr_line' id='line_1_37' title="bbox 105 3847 1229 3913; baseline -0.002 -12"><span class='ocrx_word' id='word_1_336' title='bbox 105 3862 159 3901; x_wconf 75' lang='lat' dir='ltr'><strong>etse</strong></span> <span class='ocrx_word' id='word_1_337' title='bbox 167 3849 267 3901; x_wconf 85' lang='lat' dir='ltr'><strong>videtur</strong></span> <span class='ocrx_word' id='word_1_338' title='bbox 277 3849 339 3898; x_wconf 73' lang='lat' dir='ltr'><strong>ecte</strong></span> <span class='ocrx_word' id='word_1_339' title='bbox 352 3847 412 3899; x_wconf 84' lang='lat' dir='ltr'><strong>lcote</strong></span> <span class='ocrx_word' id='word_1_340' title='bbox 423 3849 487 3900; x_wconf 77' lang='lat' dir='ltr'><strong>nior</strong></span> <span class='ocrx_word' id='word_1_341' title='bbox 497 3852 550 3902; x_wconf 88' lang='lat' dir='ltr'><strong>scil.</strong></span> <span class='ocrx_word' id='word_1_342' title='bbox 562 3851 628 3900; x_wconf 79' lang='lat' dir='ltr'><strong>intro</strong></span> <span class='ocrx_word' id='word_1_343' title='bbox 637 3848 748 3899; x_wconf 75' lang='lat' dir='ltr'><strong>ronchum</strong></span> <span class='ocrx_word' id='word_1_344' title='bbox 760 3860 876 3903; x_wconf 66' lang='lat' dir='ltr'><strong>venante.</strong></span> <span class='ocrx_word' id='word_1_345' title='bbox 888 3894 920 3902; x_wconf 90' lang='lat'><strong>..</strong></span> <span class='ocrx_word' id='word_1_346' title='bbox 939 3851 1092 3913; x_wconf 66' lang='lat' dir='ltr'><strong>iconiensem,</strong></span> <span class='ocrx_word' id='word_1_347' title='bbox 1102 3853 1136 3902; x_wconf 86' lang='lat' dir='ltr'><strong>V.</strong></span> <span class='ocrx_word' id='word_1_348' title='bbox 1149 3892 1181 3901; x_wconf 86' lang='lat'><em>-</em></span> <span class='ocrx_word' id='word_1_349' title='bbox 1200 3866 1229 3899; x_wconf 78' lang='lat' dir='ltr'><strong>aa</strong></span> 
     </span>
     <span class='ocr_line' id='line_1_38' title="bbox 104 3909 1228 3982; baseline 0.004 -18"><span class='ocrx_word' id='word_1_350' title='bbox 104 3916 265 3979; x_wconf 79' lang='lat' dir='ltr'><strong>embammctc,</strong></span> <span class='ocrx_word' id='word_1_351' title='bbox 278 3909 320 3968; x_wconf 67' lang='lat' dir='ltr'><strong>dd</strong></span> <span class='ocrx_word' id='word_1_352' title='bbox 332 3914 460 3981; x_wconf 85' lang='lat' dir='ltr'><strong>(Murbae.</strong></span> <span class='ocrx_word' id='word_1_353' title='bbox 472 3934 489 3967; x_wconf 85' lang='lat' dir='ltr'><strong>a</strong></span> <span class='ocrx_word' id='word_1_354' title='bbox 507 3919 629 3970; x_wconf 79' lang='lat' dir='ltr'><strong>.Oornar.</strong></span> <span class='ocrx_word' id='word_1_355' title='bbox 641 3919 674 3968; x_wconf 85' lang='lat' dir='ltr'><strong>ad</strong></span> <span class='ocrx_word' id='word_1_356' title='bbox 682 3917 800 3969; x_wconf 88' lang='lat' dir='ltr'><strong>Dioseor.</strong></span> <span class='ocrx_word' id='word_1_357' title='bbox 810 3924 835 3978; x_wconf 77' lang='lat'><strong>2,</strong></span> <span class='ocrx_word' id='word_1_358' title='bbox 847 3917 917 3982; x_wconf 89' lang='grc'><strong>117.)</strong></span> <span class='ocrx_word' id='word_1_359' title='bbox 934 3934 964 3967; x_wconf 75' lang='lat' dir='ltr'><strong>ea</strong></span> <span class='ocrx_word' id='word_1_360' title='bbox 975 3916 1228 3978; x_wconf 80' lang='lat' dir='ltr'><strong>embcmbcte,RV&#39;1¹.</strong></span> 
     </span>
     <span class='ocr_line' id='line_1_39' title="bbox 105 3972 1227 4048; baseline 0.003 -13"><span class='ocrx_word' id='word_1_361' title='bbox 105 3972 163 4035; x_wconf 82' lang='lat' dir='ltr'><strong>om.</strong></span> <span class='ocrx_word' id='word_1_362' title='bbox 175 3978 206 4044; x_wconf 73' lang='grc' dir='ltr'><strong>β.</strong></span> <span class='ocrx_word' id='word_1_363' title='bbox 229 4025 260 4034; x_wconf 69' lang='grc'>-</span> <span class='ocrx_word' id='word_1_364' title='bbox 287 3983 462 4047; x_wconf 61' lang='lat' dir='ltr'><strong>moecatus,</strong></span> <span class='ocrx_word' id='word_1_365' title='bbox 503 3983 677 4048; x_wconf 56' lang='lat' dir='ltr'><strong>munuc)</strong></span> <span class='ocrx_word' id='word_1_366' title='bbox 696 3984 785 4036; x_wconf 75' lang='lat' dir='ltr'><strong>cnse.</strong></span> <span class='ocrx_word' id='word_1_367' title='bbox 803 3982 897 4038; x_wconf 74' lang='lat' dir='ltr'><strong>avr.</strong></span> <span class='ocrx_word' id='word_1_368' title='bbox 922 4026 953 4035; x_wconf 83' lang='lat'><strong>-</strong></span> <span class='ocrx_word' id='word_1_369' title='bbox 979 3985 1097 4044; x_wconf 65' lang='lat' dir='ltr'><strong>auara,</strong></span> <span class='ocrx_word' id='word_1_370' title='bbox 1114 3984 1177 4036; x_wconf 79' lang='lat' dir='ltr'><strong>nv.</strong></span> <span class='ocrx_word' id='word_1_371' title='bbox 1196 4022 1227 4038; x_wconf 80' lang='grc'><strong>.,</strong></span> 
     </span>
     <span class='ocr_line' id='line_1_40' title="bbox 101 4049 1227 4118; baseline 0.001 -17"><span class='ocrx_word' id='word_1_372' title='bbox 101 4049 295 4114; x_wconf 58' lang='lat' dir='ltr'><strong>auronum.</strong></span> <span class='ocrx_word' id='word_1_373' title='bbox 319 4051 396 4118; x_wconf 83' lang='lat' dir='ltr'><strong>pellit,</strong></span> <span class='ocrx_word' id='word_1_374' title='bbox 408 4054 520 4105; x_wconf 83' lang='lat' dir='ltr'><strong>RVTd.</strong></span> <span class='ocrx_word' id='word_1_375' title='bbox 541 4094 571 4105; x_wconf 92' lang='lat'><strong>..</strong></span> <span class='ocrx_word' id='word_1_376' title='bbox 598 4050 800 4116; x_wconf 82' lang='lat' dir='ltr'><strong>commanducato,</strong></span> <span class='ocrx_word' id='word_1_377' title='bbox 812 4054 843 4104; x_wconf 83' lang='lat' dir='ltr'><strong>T.</strong></span> <span class='ocrx_word' id='word_1_378' title='bbox 870 4050 1141 4115; x_wconf 58' lang='lat' dir='ltr'><strong>commanducatum</strong></span> <span class='ocrx_word' id='word_1_379' title='bbox 1166 4066 1227 4102; x_wconf 84' lang='lat' dir='ltr'><strong>corn-</strong></span> 
     </span>
     <span class='ocr_line' id='line_1_41' title="bbox 104 4117 729 4186; baseline 0.006 -20"><span class='ocrx_word' id='word_1_380' title='bbox 104 4117 257 4182; x_wconf 70' lang='lat' dir='ltr'><strong>mocdccctc,</strong></span> <span class='ocrx_word' id='word_1_381' title='bbox 269 4121 301 4170; x_wconf 85' lang='lat' dir='ltr'><strong>R.</strong></span> <span class='ocrx_word' id='word_1_382' title='bbox 321 4161 351 4171; x_wconf 86' lang='lat'><strong>..</strong></span> <span class='ocrx_word' id='word_1_383' title='bbox 371 4119 465 4184; x_wconf 60' lang='lat' dir='ltr'><strong>moaci,</strong></span> <span class='ocrx_word' id='word_1_384' title='bbox 478 4122 540 4173; x_wconf 81' lang='lat' dir='ltr'><strong>RV.</strong></span> <span class='ocrx_word' id='word_1_385' title='bbox 559 4119 729 4186; x_wconf 67' lang='lat' dir='ltr'><strong>corripitTd.</strong></span> 
     </span>
    </p>
   </div>
   <div class='ocr_carea' id='block_1_6' title="bbox 138 4202 502 4268">
    <p class='ocr_par' dir='ltr' id='par_1_8' title="bbox 138 4202 502 4268">
     <span class='ocr_line' id='line_1_42' title="bbox 138 4202 502 4268; baseline 0.005 -15"><span class='ocrx_word' id='word_1_386' title='bbox 138 4204 207 4265; x_wconf 67' lang='grc'><strong>589.</strong></span> <span class='ocrx_word' id='word_1_387' title='bbox 235 4202 351 4268; x_wconf 72' lang='lat' dir='ltr'><strong>utumque</strong></span> <span class='ocrx_word' id='word_1_388' title='bbox 368 4212 450 4268; x_wconf 82' lang='lat' dir='ltr'><strong>torum,</strong></span> <span class='ocrx_word' id='word_1_389' title='bbox 468 4207 502 4256; x_wconf 83' lang='lat' dir='ltr'><strong>V.</strong></span> 
     </span>
    </p>
   </div>
   <div class='ocr_carea' id='block_1_7' title="bbox 0 0 1382 4726">
    <p class='ocr_par' dir='ltr' id='par_1_9' title="bbox 0 0 1382 4726">
     <span class='ocr_line' id='line_1_43' title="bbox 0 0 1382 4726; baseline 0 0"><span class='ocrx_word' id='word_1_390' title='bbox 0 0 1382 4726; x_wconf 95' lang='lat' dir='ltr'><strong> </strong></span> 
     </span>
    </p>
   </div>
  </div>
 </body>
</html>
