2754 4726
367 298 435 343 ura.
454 298 542 347 xvir.
571 297 650 342 err.
666 298 809 344 vn-ur.
837 297 935 345 sacr.
952 302 970 342 e.
985 301 1004 342 ⁵.
1206 284 1246 348 79

116 448 235 515 bisin
262 447 328 513 vita
353 447 434 512 banc
463 444 567 512 eidem
596 447 750 513 iniecerit.
786 446 929 512 Tertium
962 471 1065 534 genus
1091 448 1246 516 candidae
1259 473 1292 514 ro

114 549 352 635 glisomargam
375 557 510 622 vocant3
546 556 595 611 est
621 558 727 613 autem
750 559 838 613 creta
858 548 989 614 fullonia
1010 549 1110 614 mixta
1131 550 1246 636 pingui

117 661 227 728 terra,
256 648 365 735 pabuli
393 670 492 732 quam
518 648 649 735 frugum
675 648 825 727 fertilior,
857 649 902 713 ita
928 660 964 714 ut
990 672 1093 716 masse
1120 651 1247 717 sublata

113 760 197 815 ante
219 761 395 814 sementem
416 750 548 813 alteram
568 748 937 843 laetissimumsecetur.
974 738 1064 815 Dum
1091 751 1124 815 in
1152 753 1246 841 fruge

115 862 182 929 est,
205 850 329 916 nullum
350 848 438 913 aliud
459 871 592 935 gramen
612 850 738 915 emittit.
762 849 870 915 Durat
888 873 961 913 xxx
982 851 1092 927 annis3
1119 850 1248 919 densior

114 951 207 1017 iusto
234 948 363 1036 Signini
377 941 485 1014 ‘modo
513 950 693 1037 strangulat
721 952 832 1015 solum.
872 949 1096 1016 Columbinam
1123 951 1248 1020 Gallias

119 1075 184 1118 suo
204 1051 332 1116 nomine
354 1050 572 1137 eglecopalam
593 1051 772 1137 appellant3
795 1052 920 1138 glaebis
936 1053 1092 1118 excitatur
1105 1052 1248 1138 lapidum

117 1153 237 1231 modo,
266 1152 333 1217 sole
363 1163 396 1217 et
416 1151 573 1239 gelatione
594 1152 640 1215 ita
662 1152 795 1218 solvitur
816 1163 851 1217 ut
873 1153 1075 1219 tenuissimas
1105 1153 1247 1223 bratteas

87 1327 96 1331 ,
124 1255 238 1330 faciat3
261 1253 341 1318 baec
363 1275 403 1317 ex
425 1274 528 1335 aequo
549 1251 671 1317 fertilis.
694 1252 885 1317 Harenacea
898 1263 1042 1331 utuntur,
1064 1255 1092 1319 si
1106 1256 1169 1320 alia
1182 1279 1247 1322 non
1260 1274 1291 1320 47

128 1356 181 1431 sit,
213 1355 249 1419 iu
277 1352 445 1440 uliginosis
467 1375 544 1417 vero
584 1364 617 1417 et
645 1353 672 1417 si
699 1353 762 1416 alia
783 1354 835 1418 sit.
870 1353 975 1418 Ubios
996 1355 1140 1442 gentium
1163 1358 1247 1437 solos

126 1455 273 1520 novimus
299 1455 355 1539 qui
383 1452 614 1519 fertilissimum
641 1475 755 1540 agrum
782 1452 921 1519 colentes
940 1476 1141 1541 quacumque
1163 1470 1248 1523 terra

127 1555 205 1620 inira
234 1556 335 1641 pedes
363 1555 421 1618 tris
448 1555 565 1619 effossa
592 1564 625 1617 et
649 1553 756 1638 pedali
785 1555 995 1620 crassitudine
1016 1556 1135 1620 iniecta
1155 1557 1247 1622 laeti·

128 1654 238 1734 licent3
261 1657 379 1722 sedec
400 1678 463 1720 non
484 1654 608 1719 diutius
628 1653 720 1718 annis
741 1678 765 1718 x
786 1655 930 1740 prodest.
957 1654 1068 1721 Hedui
1090 1668 1123 1721 et
1137 1657 1246 1723 Picto·

129 1779 185 1823 nes
206 1758 294 1824 calce
315 1755 493 1823 uberrimos
515 1756 618 1820 fecere
640 1777 746 1842 agros,
769 1777 851 1839 quas
875 1779 952 1822 sane
973 1768 1005 1822 et
1018 1757 1096 1823 oleis
1110 1758 1246 1824 vitibus·

129 1879 190 1941 que
211 1857 381 1923 utilissima
394 1855 566 1939 reperitur.
590 1851 707 1918 Omnis
721 1866 827 1919 autern
846 1879 959 1943 marga
978 1871 1065 1924 arato
1086 1860 1292 1924 iniciendam

131 1969 192 2036 est,
207 1967 245 2022 ut
257 1957 525 2022 medicamentum
541 1955 695 2040 rapiatur,
717 1965 750 2018 et
762 1955 830 2019 fimi
844 1956 1007 2020 desiderat
1020 1957 1249 2042 aliquantulum

28 2122 34 2130 ,
132 2079 211 2141 quae
237 2058 341 2144 primo
370 2057 444 2143 plus
473 2048 587 2141 aspera
613 2066 645 2119 et
672 2076 753 2138 quae
779 2056 813 2119 in
834 2054 951 2120 herbas
972 2079 1035 2121 non
1057 2058 1249 2133 effunditur;

130 2160 269 2245 alioquin
289 2159 447 2236 novitate,
480 2178 701 2241 quaecumque
722 2157 832 2236 fuerit,
863 2157 966 2222 solum
986 2158 1100 2238 laedet,
1134 2182 1174 2226 ne
1202 2161 1249 2226 sic

131 2261 258 2344 quidem
279 2260 385 2346 primo
406 2282 490 2324 anno
510 2258 634 2323 fertilis.
656 2257 793 2323 Interest
814 2270 846 2324 et
868 2260 954 2341 quali
976 2260 1043 2325 solo
1057 2274 1231 2346 quaeratur
1237 2286 1247 2338 3

131 2361 212 2427 sicca
235 2361 320 2427 enim
341 2361 449 2426 umido
468 2361 587 2438 melior,
611 2359 700 2424 arido
723 2361 869 2446 pinguis3
892 2371 1068 2446 temperato
1082 2362 1247 2440 alterutra,

131 2473 214 2526 oreta
235 2463 288 2529 vel
309 2460 500 2540 columbina,
521 2461 679 2526 convenit.

169 2561 235 2628 IX.
259 2563 291 2629 5.
324 2561 564 2650 Transpadanis
594 2560 709 2627 cineris
730 2583 808 2625 usus
829 2561 910 2627 adeo
931 2563 1036 2646 placet
1055 2576 1093 2628 ut
1114 2576 1248 2650 antepo-
1261 2577 1294 2621 4⁹

131 2674 208 2728 nant
227 2663 303 2729 fimo
325 2663 555 2741 iumentorum,
589 2661 677 2746 quod
706 2660 784 2745 quia
814 2661 1012 2725 levissimum
1045 2674 1109 2740 est,
1142 2663 1183 2728 ob
1215 2665 1250 2728 id

131 2763 283 2841 exurunt3
310 2775 446 2849 utroque
469 2766 582 2828 tamen
595 2761 715 2848 pariter
734 2783 800 2825 non
822 2771 954 2824 utuntur
974 2761 1008 2825 in
1030 2761 1140 2826 eodem
1162 2785 1250 2841 arvo,

131 2887 188 2932 nec
208 2866 245 2931 in
265 2865 406 2933 arbustis
428 2865 549 2942 cinere,
571 2885 632 2928 nec
653 2860 810 2945 quasdam
830 2861 872 2926 ad
892 2862 1009 2947 frugis,
1038 2872 1074 2925 ut
1096 2861 1248 2930 dicemus.

134 3077 162 3086 -
178 3036 258 3099 mitat
271 3031 301 3088 θ.
319 3078 350 3088 ..
370 3036 472 3103 Quini,
488 3029 597 3087 Osdr¹²
609 3032 696 3096 (codd.
706 3036 817 3086 Tarncbi
829 3036 886 3083 adv.
902 3038 941 3094 17,
957 3030 1017 3094 lt).
1035 3031 1128 3096 amini,
1139 3029 1168 3095 β,
1181 3035 1249 3096 qnod

132 3103 243 3155 defendit
251 3105 302 3157 Tit.
311 3106 375 3156 iocc.
388 3113 499 3155 controv.
510 3109 535 3164 ⁹,
544 3110 585 3154 22.
594 3112 620 3154 ct
628 3103 778 3152 assertionn.
787 3117 812 3164 p.
823 3107 881 3151 200.
892 3101 952 3149 coll.
965 3105 1003 3158 19,
1016 3105 1071 3150 162.
1081 3101 1204 3152 refutatus
1215 3103 1248 3152 ab

132 3172 386 3223 YvoucVilliomaro
397 3188 422 3237 p.
437 3178 483 3222 lsi
498 3185 551 3234 seq.
570 3209 601 3219 ..
634 3167 739 3228 Galliae,
752 3162 830 3218 OTd.
861 3165 947 3218 Gallia
961 3183 977 3217 a
993 3164 1078 3229 (codd.
1090 3167 1208 3233 Barbari)
1217 3165 1247 3232 β.

134 3278 163 3289 -
184 3237 353 3304 eglecopalam,
374 3232 423 3290 Oa
448 3235 606 3302 glacopalana
623 3236 647 3284 d.
674 3250 686 3282 e
706 3233 800 3285 Graece
815 3233 910 3291 Palaion,
927 3237 960 3296 K,
976 3239 1044 3286 unde
1058 3238 1147 3288 Dalec.
1168 3237 1212 3288 scd
1225 3247 1249 3288 ct

137 3305 226 3357 draeo
238 3306 363 3436 coniacitb
371 3324 384 3356 c
399 3306 493 3358 Graece
500 3301 590 3368 pelam,
603 3304 675 3352 codd.
687 3302 800 3352 Barbari.
819 3345 850 3352 -
868 3301 998 3367 appellant,
1014 3296 1115 3356 Oreo.
1133 3306 1247 3370 appellat,

134 3375 204 3424 codd.
216 3375 269 3424 Bar
315 3374 321 3387 '
364 3410 371 3422 .

164 3443 233 3505 W·
247 3375 347 3503 abhibita,
363 3443 436 3491 codd.
455 3439 512 3490 (iel.
536 3479 566 3488 ..
593 3452 655 3498 vero,
668 3439 686 3489 d
701 3437 787 3501 (codd
799 3437 870 3502 del.)
896 3440 961 3500 verti,
978 3455 1001 3488 a.
1028 3440 1191 3501 vcrticibcm.
1215 3483 1246 3491 ..

138 3505 216 3569 Ubios,
228 3510 245 3558 d
256 3505 343 3570 (codd.
356 3507 428 3571 (iel.)
445 3506 487 3557 ubi
496 3505 577 3565 boas.
592 3545 623 3554 ..
638 3502 712 3568 pede
724 3513 779 3568 tres,
791 3509 836 3556 ad.
856 3514 902 3554 trcr
910 3505 991 3570 pedae,
1001 3502 1053 3571 βγ.
1069 3546 1096 3556 -
1117 3508 1211 3569 intecta,
1223 3525 1245 3559 a

135 3614 174 3690 ᾗ,
185 3575 256 3704 ungu
267 3576 305 3638 X,
317 3591 369 3626 om.
381 3593 401 3626 r.
424 3615 456 3624 ..
482 3581 506 3622 et
515 3571 573 3623 olera
583 3571 718 3635 actaque,
730 3589 753 3623 a.
780 3572 837 3622 olcr'a
847 3573 985 3637 vitibusque,
1001 3575 1032 3624 T.
1059 3581 1082 3622 ct
1093 3573 1149 3622 oteie
1160 3582 1183 3622 ct
1193 3575 1246 3624 eid

174 3678 181 3704 J
191 3645 210 3695 d
257 3676 265 3693 0

165 3657 339 3774 §myosota
356 3711 380 3759 d.
406 3715 497 3769 aratro,
513 3722 553 3759 ar.
576 3747 607 3758 ..
633 3705 756 3767 initianda,
772 3724 795 3757 a.
819 3748 850 3756 ...
882 3706 1001 3771 rapiatur.
1013 3706 1171 3772 limi-plus
1187 3709 1247 3760 iusto

135 3791 220 3840 curem
229 3785 265 3826 cat
276 3785 300 3826 ct
310 3791 379 3840 quac,
390 3777 478 3827 Dalec.
492 3815 523 3825 ..
544 3773 689 3838 quantulum,
701 3778 746 3825 ad
759 3815 791 3824 ..
809 3773 922 3837 alioquin,
934 3778 979 3825 ad.
997 3773 1093 3838 alloqui,
1104 3790 1129 3839 γ.
1149 3817 1179 3825 ..
1198 3793 1247 3840 acc,

136 3843 165 3894 Τ.
183 3885 214 3894 ..
229 3843 317 3909 proruo,
329 3844 404 3895 Tad.
418 3843 497 3907 primo
504 3850 567 3906 post,
577 3838 629 3907 βγ.
649 3882 679 3891 -
699 3849 833 3906 temperato,
845 3858 858 3890 r
869 3838 956 3903 (codd.
969 3841 1094 3905 Barbari).
1114 3851 1246 3907 temperare,

136 3925 157 3960 a
174 3919 308 3976 ammae,
320 3913 344 3962 d
363 3917 512 3975 temperatae,
523 3905 553 3971 β.

166 3977 234 4039 549.
260 3976 466 4041 ἁιπιεπίοναηιᾳαο,
482 3993 506 4039 a,
523 3992 589 4042 quac
604 3977 690 4038 lectio,
707 3977 757 4026 nisi
772 3975 865 4039 copula
881 3977 998 4026 enclitica
1013 3992 1046 4026 ex
1057 3978 1176 4040 proximo
1188 3993 1247 4041 pro·

137 4047 237 4098 nominc
250 4046 358 4099 relativo
375 4054 430 4096 orta
446 4053 491 4105 est,
508 4047 578 4095 aliud
595 4046 722 4108 quoddam
737 4043 790 4094 fimi
807 4057 887 4106 genus
899 4059 914 4092 a
925 4045 1010 4094 Plinio
1023 4053 1248 4096 commemoratum

139 4114 257 4165 excidisse
268 4113 359 4177 arguit.
379 4153 410 4162 -
427 4110 605 4176 qucdqniad.
631 4109 738 4174 quoda.
757 4150 788 4160 ..
811 4109 1015 4171 avocmemffid.
1043 4109 1202 4172 lactucarum,
1215 4114 1248 4162 K.

139 4179 177 4239 otti
186 4180 245 4246 quio
255 4179 388 4231 mosim
399 4186 441 4240 cat,
451 4180 541 4230 Daleo.
554 4219 586 4229 ..
603 4186 645 4238 eet,
656 4181 681 4228 d.
699 4179 731 4238 ἔξ,
744 4194 767 4228 a.
780 4217 812 4227 ..
831 4185 939 4238 cruram,
950 4178 995 4226 ad.
1009 4217 1040 4226 ,
1059 4175 1167 4239 dicemroe,
1178 4180 1247 4231 D2d.

141 4242 241 4310 ddum,
255 4239 350 4299 0D¹a
367 4245 479 4308 dr'cinua
488 4240 540 4310 βγ.
556 4246 595 4298 Ar
605 4259 686 4310 noque
698 4252 773 4295 antea
783 4258 865 4306 usquc
876 4252 966 4308 postca
976 4245 1042 4294 Plin.
1054 4244 1150 4307 aliquid
1159 4245 1191 4293 ds
1200 4245 1248 4294 hac
