2754 4726
175 314 216 377 36
530 326 734 374 recussum
756 325 951 374 nrsrosms

175 479 251 546 alibi
273 479 373 557 ferre,
403 496 462 543 nec
489 499 554 542 non
580 487 613 542 et
634 478 740 564 palma
760 476 880 561 ubique
900 475 989 540 nasci
1011 484 1067 540 aut
1086 483 1163 539 nata
1183 495 1302 560 parere

174 581 226 647 vel
247 602 320 645 cum
340 578 488 666 promisit
510 578 606 644 etiam
628 577 832 662 ostenditque
852 576 998 653 educare,
1021 586 1184 659 tamquam
1196 575 1303 642 invita

174 681 344 769 pepererit.
376 679 451 745 Non
478 679 575 749 habet
602 679 680 744 viris
706 679 815 744 frutex
836 677 975 744 cinnami
996 676 1031 741 in
1053 674 1170 760 Syriae
1191 675 1301 741 vicina

80 802 84 810 '
174 781 392 868 perveniendi.
415 779 490 846 Non
503 781 611 846 ferunt
625 780 741 845 amomi
755 778 912 863 nardique
926 777 1059 844 deliciae
1072 800 1114 843 ne
1127 775 1163 840 in
1173 775 1300 843 Arabia

173 884 304 969 quidem
326 905 367 948 ex
388 881 483 946 India
505 891 538 946 et
565 903 647 946 nave
674 879 891 968 peregrinari3
927 878 1095 964 temptavit
1120 878 1206 944 enim
1235 874 1297 944 Se-

173 987 284 1052 leucus
312 1007 380 1050 rex.
412 980 498 1047 Illud
527 1003 675 1046 maxume
703 981 819 1045 mirum
847 980 935 1065 ipsas
957 979 1144 1065 plerumque
1165 979 1297 1046 arbores
1311 995 1349 1042 ras

173 1085 300 1151 exorari
321 1093 358 1148 ut
385 1083 496 1149 vivant
524 1091 621 1165 atque
649 1082 893 1168 transmigrent,
927 1080 1097 1164 aliquando
1124 1091 1157 1144 et
1182 1103 1203 1144 a
1229 1081 1297 1146 solo

172 1185 328 1271 inpetrari
348 1194 385 1248 ut
417 1183 536 1249 alienas
569 1183 633 1246 alat
665 1183 869 1266 advenasque
900 1182 1028 1258 nutriat,
1058 1181 1181 1246 caelum
1209 1181 1296 1247 nullo

173 1287 268 1352 modo
288 1284 381 1351 flecti.
414 1283 560 1350 Vivitin
580 1282 675 1348 Italia
695 1283 818 1370 piperis
840 1283 952 1361 arbor,
975 1281 1082 1348 casiae
1103 1305 1179 1348 vero
1200 1283 1296 1349 etiam

173 1388 208 1452 in
231 1384 471 1472 septentrionali
493 1384 599 1473 plaga,
622 1385 705 1450 vixit
725 1384 759 1449 in
781 1384 890 1470 Lydia
911 1383 1009 1461 turis3
1040 1384 1099 1450 sed
1119 1384 1205 1450 unde
1227 1406 1294 1450 sor-

172 1487 287 1554 bentes
319 1510 432 1553 sucum
463 1509 589 1552 omnem
622 1509 663 1551 ex
689 1486 730 1551 iis
759 1486 843 1551 soles
873 1495 1086 1569 coquentesve
1110 1484 1295 1551 lacrimam?

173 1589 258 1656 Illud
285 1611 441 1676 proxume
468 1587 585 1653 mirum
612 1587 729 1651 mutari
756 1597 904 1652 naturam
928 1586 963 1651 in
984 1586 1098 1653 iisdem
1120 1596 1216 1677 atque
1237 1608 1295 1672 pro
1308 1591 1364 1645 rat

172 1691 314 1757 indiviso
347 1690 464 1755 valere.
504 1686 648 1754 Cedrum
674 1688 832 1754 aestuosis
853 1688 997 1774 partibus
1018 1688 1168 1766 dederat,
1202 1698 1235 1754 et
1261 1688 1295 1753 in

173 1792 287 1877 Lyciis
300 1789 518 1878 Phrygiisque
532 1789 693 1855 montibus
707 1789 858 1855 nascitur.
880 1788 1001 1875 Frigus
1022 1789 1186 1854 inimicum
1206 1789 1294 1856 lauro

173 1894 303 1972 fecerat,
326 1891 438 1958 sedin
461 1888 603 1977 Olympo
625 1890 783 1976 copiosior
803 1891 892 1956 nulla
912 1900 972 1956 est.
995 1888 1092 1958 Circa
1112 1890 1295 1977 Bosporum

177 1992 386 2060 Cimmerium
412 1993 446 2057 in
466 1992 683 2078 Panticapaeo
711 1992 791 2058 urbe
817 1991 903 2058 omni
929 1993 1023 2058 modo
1049 1992 1207 2059 laboravit
1226 1992 1294 2058 Mi-

176 2095 330 2162 thn‘dates
358 2117 416 2160 rex
438 2104 471 2159 et
493 2094 590 2159 ceteri
611 2093 735 2159 incolae
758 2116 921 2159 sacrorum
942 2105 1029 2160 certe
1050 2117 1149 2161 causa
1168 2095 1295 2161 laurum

174 2207 379 2280 myrtumque
399 2193 535 2270 habere3
567 2215 633 2258 non
659 2194 810 2283 contigit,
843 2218 918 2260 cum
944 2194 1064 2281 teporis
1084 2196 1215 2262 arbores
1236 2195 1295 2261 ab·

174 2295 298 2361 undent
318 2295 379 2374 ibi,
409 2294 547 2380 punicae
567 2293 699 2378 ficique,
728 2294 793 2359 iam
813 2295 889 2360 mali
911 2305 944 2361 et
965 2297 1027 2383 piri
1048 2297 1295 2368 laudaussimae

174 2395 326 2482 Frigidus
349 2396 461 2461 eodem
483 2404 587 2460 tractu
608 2418 672 2461 non
694 2396 807 2482 genuit
828 2395 974 2475 arbores,
996 2398 1123 2484 pinum,
1146 2398 1295 2478 abietem,
1310 2394 1370 2456 1³²

174 2496 308 2582 piceam.
345 2495 391 2560 Et
419 2496 496 2580 quid
523 2496 638 2561 attinet
664 2497 698 2561 in
724 2497 864 2562 Pontum
896 2497 1006 2564 abire?
1037 2498 1127 2564 iuxta
1158 2498 1298 2566 Romam

174 2595 278 2682 ipsam
301 2607 468 2663 castaneae
491 2597 656 2682 cerasique
677 2620 773 2686 aegro
794 2598 999 2683 proveniunt,
1027 2599 1152 2686 persica
1172 2600 1207 2664 in
1225 2599 1295 2665 Tu-

177 2697 321 2776 sculan03
341 2721 415 2762 nam
429 2720 528 2763 nuces
546 2695 690 2765 Graecae
705 2721 777 2764 eum
792 2700 897 2765 taedio
911 2699 1104 2778 inseruntur,
1119 2700 1297 2768 Tarracina

176 2799 265 2864 silvis
287 2808 429 2864 scatente
451 2821 570 2864 earum.

176 3006 239 3055 sime
255 3011 323 3071 apud
338 3002 451 3058 Plinium
467 3008 564 3058 factum
581 3009 660 3058 luisse
676 3016 729 3058 tam
745 3024 779 3058 ex
796 3010 883 3058 codice
898 3011 1080 3073 Bambergensi
1097 3009 1205 3072 aliisque
1220 3011 1297 3062 bonis

176 3073 259 3134 libris,
272 3091 348 3137 quam
361 3091 394 3125 ex
404 3077 506 3126 Pseudo
513 3076 651 3141 ·Appuleii
662 3076 804 3138 fragmento
816 3092 883 3125 nunc
895 3079 1000 3138 scimus,
1012 3077 1114 3127 fuerunt
1125 3076 1183 3127 fons
1194 3079 1301 3139 artoriu-

177 3141 246 3188 unde
263 3144 339 3190 ceteri
356 3144 466 3193 derivati.
489 3144 592 3194 Nomen
607 3152 691 3194 antem
708 3143 804 3192 Aratea
819 3159 865 3208 per
879 3146 1033 3195 vicinitatem
1045 3145 1166 3194 simillimi
1182 3145 1297 3196 nominis

176 3204 280 3270 Assyria
289 3216 327 3258 est
338 3212 491 3273 absorptum.
510 3211 630 3274 Superest
638 3213 720 3262 malus
729 3212 842 3276 Assyria,
854 3213 881 3261 in
891 3215 961 3263 euius
970 3214 1123 3277 proprietate
1131 3213 1298 3262 describenda

177 3274 277 3323 brevior
293 3289 347 3324 esse
364 3291 439 3338 posse
455 3278 503 3326 sibi
519 3280 650 3329 videbatur
665 3281 732 3328 Plin.
746 3279 812 3329 Cum
824 3281 891 3329 enirn
906 3287 945 3341 12,
959 3284 998 3330 sl.
1017 3295 1074 3330 eam
1089 3295 1143 3328 non
1159 3279 1209 3329 nisi
1225 3283 1298 3343 apud

176 3341 269 3391 Persas
278 3349 303 3390 et
310 3343 401 3392 Medos
409 3341 474 3391 serre
483 3343 595 3405 dixisset,
607 3347 634 3395 id
643 3347 693 3394 hoo
704 3347 762 3395 loco
771 3349 853 3396 denuo
866 3350 958 3397 addere
968 3348 1060 3408 noluit,
1069 3349 1179 3397 confisus
1186 3347 1296 3398 lectores

176 3409 569 3536 {llil-nillifflliil‘l
585 3420 702 3528 tttm
718 3412 1136 3531 f⁸⁰³tt³tttttuutllt
1152 3413 1296 3531 '‘litt“

177 3542 268 3592 Tadr.
286 3489 434 3604 deducire,
445 3540 497 3608 βγ.
511 3513 547 3594 ’..
567 3496 773 3608 tempium-'PK
780 3564 841 3610 quoe
853 3499 980 3612 temperiei,
993 3546 1065 3613 ᾶβγ.
1083 3518 1258 3613 ’.ffpereria
1271 3499 1296 3601 ἓ

174 3609 274 3673 peperit,
288 3606 390 3675 Τᾱβγ.
408 3651 440 3660 ..
459 3619 482 3659 et
492 3627 560 3674 nove,
575 3606 693 3664 OTadr.
711 3630 777 3677 nave,
789 3610 818 3676 β.
837 3659 869 3666 -
884 3633 941 3681 pere
957 3617 1053 3678 vitavit,
1065 3619 1109 3666 ad.

211 3676 296 3737 §rsa
316 3677 454 3742 plerumque
469 3680 571 3742 arbores,
587 3685 631 3731 ad.
657 3681 754 3730 arbores
767 3681 914 3748 plerumque,
956 3698 981 3749 γ.
1000 3725 1031 3734 -
1057 3682 1209 3746 aliquorsum
1220 3701 1241 3735 r.
1260 3723 1296 3735 -

176 3741 334 3807 doceasque,
347 3747 390 3795 ad.
414 3744 530 3810 aliosque,
542 3749 573 3799 T.
591 3790 623 3798 ..
646 3748 770 3812 medusa
786 3749 872 3814 (codd.
885 3751 955 3814 Gal.)
970 3751 1151 3814 modoqait,K
1170 3793 1201 3800 -
1224 3749 1296 3816 vais,

176 3812 264 3862 Tadr.
287 3812 347 3863 arsit
358 3820 387 3941 ek,
398 3808 429 3874 β.
447 3855 479 3864 ...
496 3816 634 3879 sarbara,
645 3833 668 3867 a.
687 3859 718 3867 ..
737 3817 781 3880 lars,
793 3836 816 3869 a.
835 3860 867 3869 -
884 3818 948 3881 solta,
960 3835 983 3870 a.
1002 3861 1033 3869 ..
1051 3825 1208 3882 eoquorum,
1220 3819 1295 3871 'rao

176 3887 350 3944 aquosaeque,
387 3894 412 3944 γ.

87 3977 90 3988 =
195 3945 296 4022 .§187.
313 3946 403 4009 iridem,
419 3941 448 3997 θ.
472 3947 553 3998 ir'sdem
566 3949 629 4014 ἱοοίε,
644 3954 698 4001 adr
725 3990 782 4002 .-
803 3969 850 4017 pro
860 3952 998 4016 indicated
1015 3952 1101 4018 (codd.
1114 3952 1184 4016 Gel.)
1201 3953 1227 4002 ia
1234 3970 1297 4018 pro-

175 4024 284 4072 vrso,ar.
310 4014 443 4079 improviso,
453 4017 486 4067 K.
504 4017 677 4082 exinproviso,
715 4056 771 4069 .-
792 4018 1156 4087 Cedramrel.,Theophr.l.l
1170 4022 1218 4072 IV.
1232 4026 1296 4082 5,8.

176 4119 208 4128 -
226 4087 256 4142 et,
268 4085 328 4132 adr.
355 4091 389 4144 at,
402 4086 474 4134 codd.
487 4083 543 4135 Gel.
554 4081 584 4147 β.
603 4128 634 4136 ..
652 4087 819 4151 smprtasque,
832 4090 856 4137 d.
874 4129 906 4136 -
929 4089 994 4151 cori,
1008 4093 1031 4140 d.
1054 4089 1213 4151 acuminum,
1224 4091 1296 4142 Pint.

174 4186 206 4196 ..
227 4149 342 4213 temporis,
358 4144 428 4201 Oad.
442 4152 498 4204 Om.
511 4169 530 4202 r.

208 4216 223 4278 ξ
238 4222 294 4268 138.
317 4217 377 4267 idem
391 4225 479 4268 nactas
494 4222 535 4270 vel
550 4227 639 4269 natura
650 4219 728 4277 eodem
741 4227 825 4282 tracta
837 4223 870 4272 K.
890 4264 921 4272 ..
944 4224 1002 4286 quit,
1015 4241 1037 4274 a.
1057 4266 1088 4274 -
1111 4241 1175 4287 nam,
1186 4240 1227 4274 ar.
1250 4241 1297 4276 aec

174 4297 228 4344 noa,
241 4285 257 4332 d
261 4280 311 4350 βγ.
325 4327 357 4336 ..
374 4285 445 4349 alvo,
457 4290 488 4338 Τ.
506 4286 645 4338 imeretur.
662 4287 797 4338 Tarracina
807 4287 1088 4355 clauseramus
