<?xml version="1.0" encoding="UTF-8"?>
<!DOCTYPE html PUBLIC "-//W3C//DTD XHTML 1.0 Transitional//EN"
    "http://www.w3.org/TR/xhtml1/DTD/xhtml1-transitional.dtd">
<html xmlns="http://www.w3.org/1999/xhtml" xml:lang="en" lang="en">
 <head>
  <title>
</title>
<meta http-equiv="Content-Type" content="text/html;charset=utf-8" />
  <meta name='ocr-system' content='tesseract 3.04.00' />
  <meta name='ocr-capabilities' content='ocr_page ocr_carea ocr_par ocr_line ocrx_word'/>
</head>
<body>
  <div class='ocr_page' id='page_1' title='image "./cplinisecundina02grongoog_0259.png"; bbox 0 0 2754 4726; ppageno 0'>
   <div class='ocr_carea' id='block_1_1' title="bbox 91 272 909 336">
    <p class='ocr_par' dir='ltr' id='par_1_1' title="bbox 91 272 909 336">
     <span class='ocr_line' id='line_1_1' title="bbox 91 272 909 336; baseline -0.006 0"><span class='ocrx_word' id='word_1_1' title='bbox 91 314 95 319; x_wconf 90' lang='lat'><em>-</em></span> <span class='ocrx_word' id='word_1_2' title='bbox 135 272 198 336; x_wconf 79' lang='lat'>248</span> <span class='ocrx_word' id='word_1_3' title='bbox 487 285 693 333; x_wconf 68' lang='lat' dir='ltr'>auronius</span> <span class='ocrx_word' id='word_1_4' title='bbox 715 285 909 333; x_wconf 76' lang='lat' dir='ltr'>marauna</span> 
     </span>
    </p>
   </div>
   <div class='ocr_carea' id='block_1_2' title="bbox 36 420 1369 1731">
    <p class='ocr_par' dir='ltr' id='par_1_2' title="bbox 36 420 1369 1731">
     <span class='ocr_line' id='line_1_2' title="bbox 36 420 1263 522; baseline 0.002 -20"><span class='ocrx_word' id='word_1_5' title='bbox 36 420 46 431; x_wconf 39' lang='lat'>²</span> <span class='ocrx_word' id='word_1_6' title='bbox 135 448 194 503; x_wconf 87' lang='lat' dir='ltr'>aut</span> <span class='ocrx_word' id='word_1_7' title='bbox 217 458 365 522; x_wconf 85' lang='lat' dir='ltr'>pugnare</span> <span class='ocrx_word' id='word_1_8' title='bbox 394 458 467 500; x_wconf 89' lang='lat' dir='ltr'>cum</span> <span class='ocrx_word' id='word_1_9' title='bbox 494 436 571 500; x_wconf 86' lang='lat' dir='ltr'>ieris</span> <span class='ocrx_word' id='word_1_10' title='bbox 604 436 776 520; x_wconf 89' lang='lat' dir='ltr'>mandique</span> <span class='ocrx_word' id='word_1_11' title='bbox 803 436 983 522; x_wconf 89' lang='lat' dir='ltr'>capientem</span> <span class='ocrx_word' id='word_1_12' title='bbox 1007 437 1096 521; x_wconf 87' lang='lat' dir='ltr'>quod</span> <span class='ocrx_word' id='word_1_13' title='bbox 1127 439 1263 504; x_wconf 84' lang='lat' dir='ltr'>mandat</span> 
     </span>
     <span class='ocr_line' id='line_1_3' title="bbox 135 535 1262 625; baseline 0.002 -22"><span class='ocrx_word' id='word_1_14' title='bbox 135 537 225 603; x_wconf 86' lang='lat' dir='ltr'>alius.</span> <span class='ocrx_word' id='word_1_15' title='bbox 247 536 303 616; x_wconf 79' lang='lat' dir='ltr'>At,</span> <span class='ocrx_word' id='word_1_16' title='bbox 325 535 495 615; x_wconf 89' lang='lat' dir='ltr'>Hercules,</span> <span class='ocrx_word' id='word_1_17' title='bbox 517 558 615 620; x_wconf 89' lang='lat' dir='ltr'>quam</span> <span class='ocrx_word' id='word_1_18' title='bbox 636 536 712 602; x_wconf 84' lang='lat' dir='ltr'>vilia</span> <span class='ocrx_word' id='word_1_19' title='bbox 732 536 823 614; x_wconf 87' lang='lat' dir='ltr'>haec,</span> <span class='ocrx_word' id='word_1_20' title='bbox 847 559 944 621; x_wconf 88' lang='lat' dir='ltr'>quam</span> <span class='ocrx_word' id='word_1_21' title='bbox 965 548 1079 624; x_wconf 88' lang='lat' dir='ltr'>parata</span> <span class='ocrx_word' id='word_1_22' title='bbox 1098 537 1262 625; x_wconf 86' lang='lat' dir='ltr'>voluptati</span> 
     </span>
     <span class='ocr_line' id='line_1_4' title="bbox 137 635 1261 724; baseline -0.002 -18"><span class='ocrx_word' id='word_1_23' title='bbox 137 638 350 722; x_wconf 68' lang='lat' dir='ltr'><strong>satietatique,</strong></span> <span class='ocrx_word' id='word_1_24' title='bbox 376 637 438 703; x_wconf 83' lang='lat' dir='ltr'>nisi</span> <span class='ocrx_word' id='word_1_25' title='bbox 467 637 580 704; x_wconf 91' lang='lat' dir='ltr'>eadem</span> <span class='ocrx_word' id='word_1_26' title='bbox 605 659 688 721; x_wconf 89' lang='lat' dir='ltr'>quae</span> <span class='ocrx_word' id='word_1_27' title='bbox 712 635 833 721; x_wconf 91' lang='lat' dir='ltr'>ubique</span> <span class='ocrx_word' id='word_1_28' title='bbox 860 637 1039 724; x_wconf 79' lang='lat' dir='ltr'>indignatio</span> <span class='ocrx_word' id='word_1_29' title='bbox 1060 639 1261 706; x_wconf 87' lang='lat' dir='ltr'>occurreretl</span> 
     </span>
     <span class='ocr_line' id='line_1_5' title="bbox 135 736 1307 825; baseline -0.001 -20"><span class='ocrx_word' id='word_1_30' title='bbox 135 736 322 823; x_wconf 71' lang='lat' dir='ltr'>Ferendum</span> <span class='ocrx_word' id='word_1_31' title='bbox 344 761 421 805; x_wconf 88' lang='lat' dir='ltr'>saue</span> <span class='ocrx_word' id='word_1_32' title='bbox 443 738 541 803; x_wconf 81' lang='lat' dir='ltr'>luerit</span> <span class='ocrx_word' id='word_1_33' title='bbox 559 736 719 822; x_wconf 86' lang='lat' dir='ltr'>exquisita</span> <span class='ocrx_word' id='word_1_34' title='bbox 737 739 826 803; x_wconf 89' lang='lat' dir='ltr'>nasci</span> <span class='ocrx_word' id='word_1_35' title='bbox 840 760 945 824; x_wconf 90' lang='lat' dir='ltr'>poma,</span> <span class='ocrx_word' id='word_1_36' title='bbox 967 738 1030 804; x_wconf 84' lang='lat' dir='ltr'>alia</span> <span class='ocrx_word' id='word_1_37' title='bbox 1050 762 1177 825; x_wconf 87' lang='lat' dir='ltr'>sapore,</span> <span class='ocrx_word' id='word_1_38' title='bbox 1200 740 1307 806; x_wconf 75' lang='lat' dir='ltr'>aliaeu</span> 
     </span>
     <span class='ocr_line' id='line_1_6' title="bbox 136 837 1264 927; baseline 0.002 -22"><span class='ocrx_word' id='word_1_39' title='bbox 136 839 368 927; x_wconf 77' lang='lat' dir='ltr'>magnitudine,</span> <span class='ocrx_word' id='word_1_40' title='bbox 389 839 452 905; x_wconf 85' lang='lat' dir='ltr'>alia</span> <span class='ocrx_word' id='word_1_41' title='bbox 472 849 626 917; x_wconf 89' lang='lat' dir='ltr'>monstro,</span> <span class='ocrx_word' id='word_1_42' title='bbox 654 837 852 926; x_wconf 74' lang='lat' dir='ltr'>pauperibus</span> <span class='ocrx_word' id='word_1_43' title='bbox 879 838 1061 917; x_wconf 86' lang='lat' dir='ltr'>interdicta,</span> <span class='ocrx_word' id='word_1_44' title='bbox 1088 840 1264 907; x_wconf 85' lang='lat' dir='ltr'>inveterari</span> 
     </span>
     <span class='ocr_line' id='line_1_7' title="bbox 138 939 1263 1028; baseline 0.002 -22"><span class='ocrx_word' id='word_1_45' title='bbox 138 939 214 1006; x_wconf 87' lang='lat' dir='ltr'>vina</span> <span class='ocrx_word' id='word_1_46' title='bbox 226 941 392 1025; x_wconf 83' lang='lat' dir='ltr'>saccisque</span> <span class='ocrx_word' id='word_1_47' title='bbox 406 939 540 1005; x_wconf 84' lang='lat' dir='ltr'>castrari</span> <span class='ocrx_word' id='word_1_48' title='bbox 553 962 614 1006; x_wconf 90' lang='lat' dir='ltr'>nec</span> <span class='ocrx_word' id='word_1_49' title='bbox 625 939 774 1024; x_wconf 89' lang='lat' dir='ltr'>cuiquam</span> <span class='ocrx_word' id='word_1_50' title='bbox 788 939 869 1005; x_wconf 91' lang='lat' dir='ltr'>adeo</span> <span class='ocrx_word' id='word_1_51' title='bbox 883 941 1013 1028; x_wconf 86' lang='lat' dir='ltr'>longam</span> <span class='ocrx_word' id='word_1_52' title='bbox 1027 962 1100 1006; x_wconf 85' lang='lat' dir='ltr'>esse</span> <span class='ocrx_word' id='word_1_53' title='bbox 1114 941 1217 1007; x_wconf 84' lang='lat' dir='ltr'>vitam</span> <span class='ocrx_word' id='word_1_54' title='bbox 1225 953 1263 1008; x_wconf 90' lang='lat' dir='ltr'>ut</span> 
     </span>
     <span class='ocr_line' id='line_1_8' title="bbox 137 1038 1261 1127; baseline 0.003 -21"><span class='ocrx_word' id='word_1_55' title='bbox 137 1063 203 1107; x_wconf 91' lang='lat' dir='ltr'>nou</span> <span class='ocrx_word' id='word_1_56' title='bbox 215 1053 290 1106; x_wconf 90' lang='lat' dir='ltr'>ante</span> <span class='ocrx_word' id='word_1_57' title='bbox 305 1063 340 1106; x_wconf 85' lang='lat' dir='ltr'>ee</span> <span class='ocrx_word' id='word_1_58' title='bbox 354 1039 466 1127; x_wconf 85' lang='lat' dir='ltr'>genita</span> <span class='ocrx_word' id='word_1_59' title='bbox 478 1050 577 1125; x_wconf 86' lang='lat' dir='ltr'>potet,</span> <span class='ocrx_word' id='word_1_60' title='bbox 600 1061 618 1103; x_wconf 93' lang='lat' dir='ltr'>e</span> <span class='ocrx_word' id='word_1_61' title='bbox 639 1038 787 1127; x_wconf 80' lang='lat' dir='ltr'>frugibus</span> <span class='ocrx_word' id='word_1_62' title='bbox 807 1060 936 1123; x_wconf 89' lang='lat' dir='ltr'>quoque</span> <span class='ocrx_word' id='word_1_63' title='bbox 951 1040 1113 1123; x_wconf 91' lang='lat' dir='ltr'>quendam</span> <span class='ocrx_word' id='word_1_64' title='bbox 1125 1041 1261 1109; x_wconf 84' lang='lat' dir='ltr'>halitum</span> 
     </span>
     <span class='ocr_line' id='line_1_9' title="bbox 139 1139 1262 1229; baseline 0 -22"><span class='ocrx_word' id='word_1_65' title='bbox 139 1140 201 1207; x_wconf 87' lang='lat' dir='ltr'>sibi</span> <span class='ocrx_word' id='word_1_66' title='bbox 220 1143 422 1229; x_wconf 78' lang='lat' dir='ltr'>excogitasse</span> <span class='ocrx_word' id='word_1_67' title='bbox 440 1141 601 1206; x_wconf 87' lang='lat' dir='ltr'>luxurium</span> <span class='ocrx_word' id='word_1_68' title='bbox 619 1163 658 1205; x_wconf 92' lang='lat' dir='ltr'>ao</span> <span class='ocrx_word' id='word_1_69' title='bbox 678 1139 850 1205; x_wconf 81' lang='lat' dir='ltr'>medullam</span> <span class='ocrx_word' id='word_1_70' title='bbox 871 1151 997 1204; x_wconf 88' lang='lat' dir='ltr'>tantum</span> <span class='ocrx_word' id='word_1_71' title='bbox 1015 1163 1124 1205; x_wconf 88' lang='lat' dir='ltr'>carum</span> <span class='ocrx_word' id='word_1_72' title='bbox 1146 1163 1262 1229; x_wconf 87' lang='lat' dir='ltr'>saper·</span> 
     </span>
     <span class='ocr_line' id='line_1_10' title="bbox 128 1232 1369 1328; baseline 0.001 -20"><span class='ocrx_word' id='word_1_73' title='bbox 128 1244 203 1328; x_wconf 73' lang='lat' dir='ltr'>“que</span> <span class='ocrx_word' id='word_1_74' title='bbox 216 1242 425 1328; x_wconf 86' lang='lat' dir='ltr'>pistrinarum</span> <span class='ocrx_word' id='word_1_75' title='bbox 438 1239 591 1327; x_wconf 82' lang='lat' dir='ltr'>operibus</span> <span class='ocrx_word' id='word_1_76' title='bbox 611 1250 645 1307; x_wconf 87' lang='lat' dir='ltr'>et</span> <span class='ocrx_word' id='word_1_77' title='bbox 666 1239 835 1307; x_wconf 86' lang='lat' dir='ltr'>caelaturis</span> <span class='ocrx_word' id='word_1_78' title='bbox 857 1239 982 1319; x_wconf 88' lang='lat' dir='ltr'>vivere,</span> <span class='ocrx_word' id='word_1_79' title='bbox 1004 1240 1067 1306; x_wconf 91' lang='lat' dir='ltr'>alio</span> <span class='ocrx_word' id='word_1_80' title='bbox 1086 1263 1171 1327; x_wconf 85' lang='lat' dir='ltr'>pauc</span> <span class='ocrx_word' id='word_1_81' title='bbox 1185 1265 1262 1328; x_wconf 90' lang='lat' dir='ltr'>pro·</span> <span class='ocrx_word' id='word_1_82' title='bbox 1365 1232 1369 1242; x_wconf 70' lang='grc'><strong>’</strong></span> 
     </span>
     <span class='ocr_line' id='line_1_11' title="bbox 140 1328 1262 1431; baseline 0 -21"><span class='ocrx_word' id='word_1_83' title='bbox 140 1366 261 1421; x_wconf 87' lang='lat' dir='ltr'>cerum,</span> <span class='ocrx_word' id='word_1_84' title='bbox 280 1343 343 1410; x_wconf 86' lang='lat' dir='ltr'>elio</span> <span class='ocrx_word' id='word_1_85' title='bbox 363 1343 464 1431; x_wconf 85' lang='lat' dir='ltr'>volgi,</span> <span class='ocrx_word' id='word_1_86' title='bbox 487 1351 534 1407; x_wconf 91' lang='lat' dir='ltr'>tot</span> <span class='ocrx_word' id='word_1_87' title='bbox 547 1341 722 1430; x_wconf 86' lang='lat' dir='ltr'>generibus</span> <span class='ocrx_word' id='word_1_88' title='bbox 736 1363 840 1425; x_wconf 91' lang='lat' dir='ltr'>usque</span> <span class='ocrx_word' id='word_1_89' title='bbox 855 1341 897 1406; x_wconf 88' lang='lat' dir='ltr'>ad</span> <span class='ocrx_word' id='word_1_90' title='bbox 911 1341 1052 1407; x_wconf 84' lang='lat' dir='ltr'>infimam</span> <span class='ocrx_word' id='word_1_91' title='bbox 1066 1328 1262 1428; x_wconf 49' lang='lat' dir='ltr'>plebem&#39;de·</span> 
     </span>
     <span class='ocr_line' id='line_1_12' title="bbox 141 1441 1305 1512; baseline -0.007 0"><span class='ocrx_word' id='word_1_92' title='bbox 141 1444 315 1512; x_wconf 77' lang='lat' dir='ltr'>scandente</span> <span class='ocrx_word' id='word_1_93' title='bbox 329 1466 466 1509; x_wconf 88' lang='lat' dir='ltr'>annona.</span> <span class='ocrx_word' id='word_1_94' title='bbox 493 1441 691 1509; x_wconf 85' lang='lat' dir='ltr'>Etiamnein</span> <span class='ocrx_word' id='word_1_95' title='bbox 708 1441 818 1507; x_wconf 88' lang='lat' dir='ltr'>herbis</span> <span class='ocrx_word' id='word_1_96' title='bbox 838 1441 1009 1507; x_wconf 83' lang='lat' dir='ltr'>discrimen</span> <span class='ocrx_word' id='word_1_97' title='bbox 1028 1443 1197 1509; x_wconf 86' lang='lat' dir='ltr'>inventurn</span> <span class='ocrx_word' id='word_1_98' title='bbox 1215 1454 1264 1510; x_wconf 87' lang='lat' dir='ltr'>est</span> <span class='ocrx_word' id='word_1_99' title='bbox 1275 1461 1305 1505; x_wconf 75' lang='lat'>⁵⁴</span> 
     </span>
     <span class='ocr_line' id='line_1_13' title="bbox 140 1541 1263 1632; baseline -0.003 -21"><span class='ocrx_word' id='word_1_100' title='bbox 140 1568 283 1632; x_wconf 88' lang='lat' dir='ltr'>opesque</span> <span class='ocrx_word' id='word_1_101' title='bbox 310 1543 526 1610; x_wconf 86' lang='lat' dir='ltr'>differentiam</span> <span class='ocrx_word' id='word_1_102' title='bbox 551 1544 657 1610; x_wconf 88' lang='lat' dir='ltr'>fecere</span> <span class='ocrx_word' id='word_1_103' title='bbox 679 1543 719 1607; x_wconf 87' lang='lat' dir='ltr'>iu</span> <span class='ocrx_word' id='word_1_104' title='bbox 746 1541 819 1608; x_wconf 92' lang='lat' dir='ltr'>cibo</span> <span class='ocrx_word' id='word_1_105' title='bbox 840 1541 937 1607; x_wconf 90' lang='lat' dir='ltr'>ctiam</span> <span class='ocrx_word' id='word_1_106' title='bbox 958 1565 1023 1609; x_wconf 90' lang='lat' dir='ltr'>uno</span> <span class='ocrx_word' id='word_1_107' title='bbox 1044 1565 1116 1611; x_wconf 84' lang='lat' dir='ltr'>asse</span> <span class='ocrx_word' id='word_1_108' title='bbox 1138 1545 1263 1611; x_wconf 78' lang='lat' dir='ltr'>venali?</span> 
     </span>
     <span class='ocr_line' id='line_1_14' title="bbox 141 1642 1263 1731; baseline -0.002 -20"><span class='ocrx_word' id='word_1_109' title='bbox 141 1645 182 1710; x_wconf 92' lang='lat' dir='ltr'>In</span> <span class='ocrx_word' id='word_1_110' title='bbox 202 1645 254 1711; x_wconf 91' lang='lat' dir='ltr'>his</span> <span class='ocrx_word' id='word_1_111' title='bbox 275 1669 402 1731; x_wconf 92' lang='lat' dir='ltr'>quoque</span> <span class='ocrx_word' id='word_1_112' title='bbox 424 1645 533 1730; x_wconf 89' lang='lat' dir='ltr'>aliqua</span> <span class='ocrx_word' id='word_1_113' title='bbox 554 1643 616 1710; x_wconf 91' lang='lat' dir='ltr'>sibi</span> <span class='ocrx_word' id='word_1_114' title='bbox 636 1643 726 1708; x_wconf 84' lang='lat' dir='ltr'>nesci</span> <span class='ocrx_word' id='word_1_115' title='bbox 748 1642 852 1708; x_wconf 88' lang='lat' dir='ltr'>tribus</span> <span class='ocrx_word' id='word_1_116' title='bbox 872 1655 1006 1731; x_wconf 81' lang='lat' dir='ltr'>negant,</span> <span class='ocrx_word' id='word_1_117' title='bbox 1029 1645 1119 1710; x_wconf 85' lang='lat' dir='ltr'>caule</span> <span class='ocrx_word' id='word_1_118' title='bbox 1138 1644 1173 1709; x_wconf 91' lang='lat' dir='ltr'>in</span> <span class='ocrx_word' id='word_1_119' title='bbox 1191 1655 1263 1709; x_wconf 88' lang='lat' dir='ltr'>tan·</span> 
     </span>
    </p>
   </div>
   <div class='ocr_carea' id='block_1_3' title="bbox 140 1814 1265 4304">
    <p class='ocr_par' dir='ltr' id='par_1_3' title="bbox 140 1814 1265 2084">
     <span class='ocr_line' id='line_1_15' title="bbox 175 1814 1264 1882; baseline -0.002 -16"><span class='ocrx_word' id='word_1_120' title='bbox 175 1817 429 1882; x_wconf 80' lang='lat' dir='ltr'>paquareeumferie,</span> <span class='ocrx_word' id='word_1_121' title='bbox 445 1818 520 1866; x_wconf 82' lang='lat' dir='ltr'>codd</span> <span class='ocrx_word' id='word_1_122' title='bbox 533 1816 590 1868; x_wconf 76' lang='lat' dir='ltr'>(iel</span> <span class='ocrx_word' id='word_1_123' title='bbox 600 1815 706 1881; x_wconf 82' lang='lat' dir='ltr'>purpan&#39;</span> <span class='ocrx_word' id='word_1_124' title='bbox 716 1815 853 1877; x_wconf 76' lang='lat' dir='ltr'>memsorie,</span> <span class='ocrx_word' id='word_1_125' title='bbox 865 1832 889 1865; x_wconf 80' lang='lat' dir='ltr'>a</span> <span class='ocrx_word' id='word_1_126' title='bbox 910 1831 1082 1880; x_wconf 78' lang='lat' dir='ltr'>paquarecum</span> <span class='ocrx_word' id='word_1_127' title='bbox 1089 1816 1168 1879; x_wconf 69' lang='lat' dir='ltr'>surb,</span> <span class='ocrx_word' id='word_1_128' title='bbox 1179 1831 1201 1866; x_wconf 87' lang='lat' dir='ltr'>c.</span> <span class='ocrx_word' id='word_1_129' title='bbox 1224 1814 1264 1864; x_wconf 84' lang='lat' dir='ltr'>de-</span> 
     </span>
     <span class='ocr_line' id='line_1_16' title="bbox 140 1882 1265 1950; baseline 0.002 -16"><span class='ocrx_word' id='word_1_130' title='bbox 140 1885 470 1950; x_wconf 73' lang='lat' dir='ltr'>puquarecumseris,&#39;l?d</span> <span class='ocrx_word' id='word_1_131' title='bbox 495 1923 526 1934; x_wconf 91' lang='lat'>..</span> <span class='ocrx_word' id='word_1_132' title='bbox 549 1882 1265 1948; x_wconf 60' lang='lat' dir='ltr'>mmetqampautmquodaanaaecduoaaflst)</span> 
     </span>
     <span class='ocr_line' id='line_1_17' title="bbox 144 1947 1265 2016; baseline -0.002 -15"><span class='ocrx_word' id='word_1_133' title='bbox 144 1951 272 2016; x_wconf 80' lang='lat' dir='ltr'>mandique</span> <span class='ocrx_word' id='word_1_134' title='bbox 285 1952 414 2016; x_wconf 78' lang='lat' dir='ltr'>cupientem</span> <span class='ocrx_word' id='word_1_135' title='bbox 430 1950 494 2015; x_wconf 85' lang='lat' dir='ltr'>quod</span> <span class='ocrx_word' id='word_1_136' title='bbox 508 1949 608 2009; x_wconf 79' lang='lat' dir='ltr'>mandit,</span> <span class='ocrx_word' id='word_1_137' title='bbox 620 1968 643 2001; x_wconf 75' lang='lat' dir='ltr'>a</span> <span class='ocrx_word' id='word_1_138' title='bbox 661 1949 772 2000; x_wconf 76' lang='lat' dir='ltr'>mandere</span> <span class='ocrx_word' id='word_1_139' title='bbox 787 1951 916 2014; x_wconf 82' lang='lat' dir='ltr'>cupientem</span> <span class='ocrx_word' id='word_1_140' title='bbox 928 1949 992 2014; x_wconf 87' lang='lat' dir='ltr'>quod</span> <span class='ocrx_word' id='word_1_141' title='bbox 1001 1947 1102 2012; x_wconf 79' lang='lat' dir='ltr'>mandit,</span> <span class='ocrx_word' id='word_1_142' title='bbox 1113 1967 1132 2000; x_wconf 91' lang='lat' dir='ltr'>r.</span> <span class='ocrx_word' id='word_1_143' title='bbox 1156 1989 1180 1999; x_wconf 84' lang='lat'>-</span> <span class='ocrx_word' id='word_1_144' title='bbox 1201 1950 1265 2001; x_wconf 83' lang='lat' dir='ltr'>Her·</span> 
     </span>
     <span class='ocr_line' id='line_1_18' title="bbox 144 2015 1192 2084; baseline -0.004 -14"><span class='ocrx_word' id='word_1_145' title='bbox 144 2017 215 2077; x_wconf 77' lang='lat' dir='ltr'>mles,</span> <span class='ocrx_word' id='word_1_146' title='bbox 227 2023 291 2070; x_wconf 87' lang='lat' dir='ltr'>aed.</span> <span class='ocrx_word' id='word_1_147' title='bbox 308 2018 420 2079; x_wconf 80' lang='lat' dir='ltr'>Hercule,</span> <span class='ocrx_word' id='word_1_148' title='bbox 431 2015 481 2084; x_wconf 71' lang='grc' dir='ltr'>βγ.</span> <span class='ocrx_word' id='word_1_149' title='bbox 501 2060 532 2069; x_wconf 91' lang='grc'>..</span> <span class='ocrx_word' id='word_1_150' title='bbox 550 2017 645 2082; x_wconf 73' lang='lat' dir='ltr'>cipitia,</span> <span class='ocrx_word' id='word_1_151' title='bbox 656 2034 678 2068; x_wconf 82' lang='lat' dir='ltr'>c</span> <span class='ocrx_word' id='word_1_152' title='bbox 698 2059 729 2069; x_wconf 83' lang='lat'>..</span> <span class='ocrx_word' id='word_1_153' title='bbox 747 2017 870 2077; x_wconf 74' lang='lat' dir='ltr'>wlmari,</span> <span class='ocrx_word' id='word_1_154' title='bbox 882 2033 923 2067; x_wconf 87' lang='lat' dir='ltr'>ac.</span> <span class='ocrx_word' id='word_1_155' title='bbox 944 2059 975 2067; x_wconf 88' lang='lat'><em>-</em></span> <span class='ocrx_word' id='word_1_156' title='bbox 992 2018 1157 2081; x_wconf 79' lang='lat' dir='ltr'>societatique.</span> <span class='ocrx_word' id='word_1_157' title='bbox 1169 2032 1192 2067; x_wconf 90' lang='lat' dir='ltr'>c.</span> 
     </span>
    </p>

    <p class='ocr_par' dir='ltr' id='par_1_4' title="bbox 142 2083 1265 2418">
     <span class='ocr_line' id='line_1_19' title="bbox 177 2083 1265 2153; baseline -0.004 -15"><span class='ocrx_word' id='word_1_158' title='bbox 177 2091 246 2153; x_wconf 63' lang='lat'>553.</span> <span class='ocrx_word' id='word_1_159' title='bbox 269 2095 335 2151; x_wconf 88' lang='lat' dir='ltr'>potet</span> <span class='ocrx_word' id='word_1_160' title='bbox 351 2103 371 2149; x_wconf 87' lang='lat' dir='ltr'>e,</span> <span class='ocrx_word' id='word_1_161' title='bbox 387 2101 429 2137; x_wconf 86' lang='lat' dir='ltr'>ae.</span> <span class='ocrx_word' id='word_1_162' title='bbox 452 2088 595 2150; x_wconf 71' lang='lat' dir='ltr'>patented</span> <span class='ocrx_word' id='word_1_163' title='bbox 613 2127 645 2136; x_wconf 90' lang='lat'>..</span> <span class='ocrx_word' id='word_1_164' title='bbox 672 2084 789 2148; x_wconf 81' lang='lat' dir='ltr'>quendam</span> <span class='ocrx_word' id='word_1_165' title='bbox 805 2084 913 2146; x_wconf 73' lang='lat' dir='ltr'>balium,</span> <span class='ocrx_word' id='word_1_166' title='bbox 930 2089 954 2135; x_wconf 91' lang='lat' dir='ltr'>d.</span> <span class='ocrx_word' id='word_1_167' title='bbox 980 2083 1265 2149; x_wconf 66' lang='lat' dir='ltr'>qumdamab&#39;tumc.</span> 
     </span>
     <span class='ocr_line' id='line_1_20' title="bbox 143 2148 1263 2218; baseline 0 -16"><span class='ocrx_word' id='word_1_168' title='bbox 143 2153 244 2218; x_wconf 85' lang='lat' dir='ltr'>quodam</span> <span class='ocrx_word' id='word_1_169' title='bbox 257 2154 350 2214; x_wconf 86' lang='lat' dir='ltr'>alitum,</span> <span class='ocrx_word' id='word_1_170' title='bbox 363 2148 391 2203; x_wconf 86' lang='grc' dir='ltr'>θ.</span> <span class='ocrx_word' id='word_1_171' title='bbox 415 2152 534 2216; x_wconf 77' lang='lat' dir='ltr'>quoddam</span> <span class='ocrx_word' id='word_1_172' title='bbox 546 2151 689 2213; x_wconf 70' lang='lat' dir='ltr'>alimentum,</span> <span class='ocrx_word' id='word_1_173' title='bbox 700 2148 751 2217; x_wconf 76' lang='grc' dir='ltr'>βγ.</span> <span class='ocrx_word' id='word_1_174' title='bbox 770 2193 801 2201; x_wconf 85' lang='grc'>-</span> <span class='ocrx_word' id='word_1_175' title='bbox 820 2168 850 2200; x_wconf 91' lang='lat' dir='ltr'>ac</span> <span class='ocrx_word' id='word_1_176' title='bbox 862 2151 994 2213; x_wconf 82' lang='lat' dir='ltr'>medullam,</span> <span class='ocrx_word' id='word_1_177' title='bbox 1006 2168 1048 2204; x_wconf 88' lang='lat' dir='ltr'>ae.</span> <span class='ocrx_word' id='word_1_178' title='bbox 1066 2151 1177 2214; x_wconf 80' lang='lat' dir='ltr'>medulla,</span> <span class='ocrx_word' id='word_1_179' title='bbox 1189 2155 1215 2203; x_wconf 89' lang='lat' dir='ltr'>d.</span> <span class='ocrx_word' id='word_1_180' title='bbox 1231 2191 1263 2202; x_wconf 80' lang='grc'>.-</span> 
     </span>
     <span class='ocr_line' id='line_1_21' title="bbox 143 2218 1265 2283; baseline -0.001 -14"><span class='ocrx_word' id='word_1_181' title='bbox 143 2229 167 2269; x_wconf 83' lang='lat' dir='ltr'>et</span> <span class='ocrx_word' id='word_1_182' title='bbox 177 2219 317 2281; x_wconf 62' lang='lat' dir='ltr'>caelatum,</span> <span class='ocrx_word' id='word_1_183' title='bbox 328 2223 371 2269; x_wconf 77' lang='lat' dir='ltr'>ed</span> <span class='ocrx_word' id='word_1_184' title='bbox 389 2218 538 2276; x_wconf 77' lang='lat' dir='ltr'>encelaturis,</span> <span class='ocrx_word' id='word_1_185' title='bbox 549 2235 573 2268; x_wconf 80' lang='lat' dir='ltr'>a</span> <span class='ocrx_word' id='word_1_186' title='bbox 590 2219 731 2282; x_wconf 74' lang='lat' dir='ltr'>insuperque</span> <span class='ocrx_word' id='word_1_187' title='bbox 739 2218 898 2282; x_wconf 65' lang='lat' dir='ltr'>patinarum</span> <span class='ocrx_word' id='word_1_188' title='bbox 910 2236 983 2283; x_wconf 87' lang='lat' dir='ltr'>opera</span> <span class='ocrx_word' id='word_1_189' title='bbox 994 2227 1018 2268; x_wconf 87' lang='lat' dir='ltr'>et</span> <span class='ocrx_word' id='word_1_190' title='bbox 1027 2219 1178 2280; x_wconf 62' lang='lat' dir='ltr'>caelaturam</span> <span class='ocrx_word' id='word_1_191' title='bbox 1188 2219 1265 2268; x_wconf 82' lang='lat' dir='ltr'>viuere</span> 
     </span>
     <span class='ocr_line' id='line_1_22' title="bbox 143 2279 1264 2352; baseline -0.001 -15"><span class='ocrx_word' id='word_1_192' title='bbox 143 2286 278 2351; x_wconf 82' lang='lat' dir='ltr'>alioepaue</span> <span class='ocrx_word' id='word_1_193' title='bbox 290 2303 423 2350; x_wconf 81' lang='lat' dir='ltr'>procerum,</span> <span class='ocrx_word' id='word_1_194' title='bbox 439 2285 502 2335; x_wconf 78' lang='lat' dir='ltr'>alios</span> <span class='ocrx_word' id='word_1_195' title='bbox 516 2285 589 2352; x_wconf 81' lang='lat' dir='ltr'>uulqt&#39;,</span> <span class='ocrx_word' id='word_1_196' title='bbox 605 2287 638 2337; x_wconf 80' lang='grc' dir='ltr'>Κ.</span> <span class='ocrx_word' id='word_1_197' title='bbox 657 2327 688 2336; x_wconf 91' lang='grc'>..</span> <span class='ocrx_word' id='word_1_198' title='bbox 716 2285 832 2348; x_wconf 82' lang='lat' dir='ltr'>intimam,</span> <span class='ocrx_word' id='word_1_199' title='bbox 847 2279 875 2336; x_wconf 79' lang='grc' dir='ltr'>θ.</span> <span class='ocrx_word' id='word_1_200' title='bbox 894 2327 925 2336; x_wconf 92' lang='lat'>..</span> <span class='ocrx_word' id='word_1_201' title='bbox 952 2285 1134 2349; x_wconf 61' lang='lat' dir='ltr'>&amp;mandentem</span> <span class='ocrx_word' id='word_1_202' title='bbox 1150 2290 1215 2338; x_wconf 81' lang='lat' dir='ltr'>aed.</span> <span class='ocrx_word' id='word_1_203' title='bbox 1233 2325 1264 2336; x_wconf 95' lang='lat'>..</span> 
     </span>
     <span class='ocr_line' id='line_1_23' title="bbox 142 2353 728 2418; baseline 0 -15"><span class='ocrx_word' id='word_1_204' title='bbox 142 2370 246 2414; x_wconf 83' lang='lat' dir='ltr'>annona,</span> <span class='ocrx_word' id='word_1_205' title='bbox 257 2354 324 2404; x_wconf 87' lang='lat' dir='ltr'>Bud.</span> <span class='ocrx_word' id='word_1_206' title='bbox 337 2356 368 2403; x_wconf 88' lang='lat' dir='ltr'>de</span> <span class='ocrx_word' id='word_1_207' title='bbox 379 2369 435 2404; x_wconf 84' lang='lat' dir='ltr'>asse</span> <span class='ocrx_word' id='word_1_208' title='bbox 446 2370 471 2418; x_wconf 83' lang='lat' dir='ltr'>p.</span> <span class='ocrx_word' id='word_1_209' title='bbox 484 2360 541 2404; x_wconf 82' lang='lat'><strong>288.</strong></span> <span class='ocrx_word' id='word_1_210' title='bbox 559 2353 650 2415; x_wconf 81' lang='lat' dir='ltr'>anima,</span> <span class='ocrx_word' id='word_1_211' title='bbox 663 2355 728 2403; x_wconf 77' lang='lat' dir='ltr'>aad</span> 
     </span>
    </p>

    <p class='ocr_par' dir='ltr' id='par_1_5' title="bbox 142 2420 1265 2822">
     <span class='ocr_line' id='line_1_24' title="bbox 176 2420 1265 2486; baseline 0 -16"><span class='ocrx_word' id='word_1_212' title='bbox 176 2420 192 2482; x_wconf 63' lang='grc' dir='ltr'>ὁ</span> <span class='ocrx_word' id='word_1_213' title='bbox 210 2427 250 2471; x_wconf 78' lang='grc'>54.</span> <span class='ocrx_word' id='word_1_214' title='bbox 276 2420 393 2470; x_wconf 84' lang='lat' dir='ltr'>inventum</span> <span class='ocrx_word' id='word_1_215' title='bbox 410 2427 458 2483; x_wconf 79' lang='lat' dir='ltr'>eet3</span> <span class='ocrx_word' id='word_1_216' title='bbox 480 2421 621 2486; x_wconf 86' lang='lat' dir='ltr'>posthaec</span> <span class='ocrx_word' id='word_1_217' title='bbox 640 2421 717 2471; x_wconf 80' lang='lat' dir='ltr'>verba</span> <span class='ocrx_word' id='word_1_218' title='bbox 736 2420 847 2471; x_wconf 86' lang='lat' dir='ltr'>collocat</span> <span class='ocrx_word' id='word_1_219' title='bbox 863 2423 941 2471; x_wconf 85' lang='lat' dir='ltr'>verba</span> <span class='ocrx_word' id='word_1_220' title='bbox 957 2421 1058 2470; x_wconf 64' lang='lat' dir='ltr'>mamm</span> <span class='ocrx_word' id='word_1_221' title='bbox 1069 2420 1217 2470; x_wconf 51' lang='lat' dir='ltr'>Admitte</span> <span class='ocrx_word' id='word_1_222' title='bbox 1232 2435 1265 2470; x_wconf 84' lang='lat' dir='ltr'>ex</span> 
     </span>
     <span class='ocr_line' id='line_1_25' title="bbox 142 2486 1264 2554; baseline -0.001 -16"><span class='ocrx_word' id='word_1_223' title='bbox 142 2492 211 2554; x_wconf 64' lang='lat'>555.</span> <span class='ocrx_word' id='word_1_224' title='bbox 228 2490 296 2539; x_wconf 90' lang='lat' dir='ltr'>Pint.</span> <span class='ocrx_word' id='word_1_225' title='bbox 315 2529 347 2539; x_wconf 91' lang='lat'>...</span> <span class='ocrx_word' id='word_1_226' title='bbox 373 2504 479 2552; x_wconf 67' lang='lat' dir='ltr'>emaque,</span> <span class='ocrx_word' id='word_1_227' title='bbox 496 2490 520 2538; x_wconf 83' lang='lat' dir='ltr'>d</span> <span class='ocrx_word' id='word_1_228' title='bbox 546 2504 656 2553; x_wconf 75' lang='lat' dir='ltr'>opusque,</span> <span class='ocrx_word' id='word_1_229' title='bbox 672 2503 723 2538; x_wconf 84' lang='lat' dir='ltr'>aer</span> <span class='ocrx_word' id='word_1_230' title='bbox 738 2486 825 2552; x_wconf 83' lang='lat' dir='ltr'>(codd.</span> <span class='ocrx_word' id='word_1_231' title='bbox 841 2486 961 2548; x_wconf 87' lang='lat' dir='ltr'>Budaei).</span> <span class='ocrx_word' id='word_1_232' title='bbox 984 2530 1017 2539; x_wconf 85' lang='grc'>..</span> <span class='ocrx_word' id='word_1_233' title='bbox 1035 2488 1127 2551; x_wconf 79' lang='lat' dir='ltr'>secere,</span> <span class='ocrx_word' id='word_1_234' title='bbox 1144 2491 1180 2539; x_wconf 89' lang='lat' dir='ltr'>cd</span> <span class='ocrx_word' id='word_1_235' title='bbox 1195 2489 1264 2550; x_wconf 81' lang='lat' dir='ltr'>(cod.</span> 
     </span>
     <span class='ocr_line' id='line_1_26' title="bbox 142 2554 1265 2621; baseline -0.002 -17"><span class='ocrx_word' id='word_1_236' title='bbox 142 2557 325 2607; x_wconf 86' lang='lat' dir='ltr'>vetustissimus</span> <span class='ocrx_word' id='word_1_237' title='bbox 335 2555 455 2620; x_wconf 86' lang='lat' dir='ltr'>Budaei).</span> <span class='ocrx_word' id='word_1_238' title='bbox 466 2558 562 2621; x_wconf 85' lang='lat' dir='ltr'>faeere,</span> <span class='ocrx_word' id='word_1_239' title='bbox 574 2571 615 2606; x_wconf 90' lang='lat' dir='ltr'>ar.</span> <span class='ocrx_word' id='word_1_240' title='bbox 633 2597 664 2606; x_wconf 76' lang='grc'><em>,</em></span> <span class='ocrx_word' id='word_1_241' title='bbox 683 2555 709 2603; x_wconf 83' lang='lat' dir='ltr'>iu</span> <span class='ocrx_word' id='word_1_242' title='bbox 720 2572 774 2616; x_wconf 87' lang='lat' dir='ltr'>uuo,</span> <span class='ocrx_word' id='word_1_243' title='bbox 786 2571 808 2606; x_wconf 88' lang='lat' dir='ltr'>c.</span> <span class='ocrx_word' id='word_1_244' title='bbox 827 2596 859 2606; x_wconf 79' lang='grc'><strong>-</strong></span> <span class='ocrx_word' id='word_1_245' title='bbox 877 2554 963 2619; x_wconf 82' lang='lat' dir='ltr'>aliqua</span> <span class='ocrx_word' id='word_1_246' title='bbox 973 2571 1072 2618; x_wconf 85' lang='lat' dir='ltr'>quoque,</span> <span class='ocrx_word' id='word_1_247' title='bbox 1085 2557 1129 2605; x_wconf 83' lang='lat' dir='ltr'>cd</span> <span class='ocrx_word' id='word_1_248' title='bbox 1149 2595 1181 2605; x_wconf 82' lang='lat'>..</span> <span class='ocrx_word' id='word_1_249' title='bbox 1199 2555 1265 2619; x_wconf 78' lang='lat' dir='ltr'>sapi·</span> 
     </span>
     <span class='ocr_line' id='line_1_27' title="bbox 143 2616 1264 2689; baseline -0.003 -16"><span class='ocrx_word' id='word_1_250' title='bbox 143 2631 207 2685; x_wconf 82' lang='lat' dir='ltr'>nato,</span> <span class='ocrx_word' id='word_1_251' title='bbox 224 2623 291 2673; x_wconf 86' lang='lat' dir='ltr'>Bud.</span> <span class='ocrx_word' id='word_1_252' title='bbox 308 2626 331 2672; x_wconf 86' lang='lat' dir='ltr'>d.</span> <span class='ocrx_word' id='word_1_253' title='bbox 357 2624 461 2689; x_wconf 78' lang='lat' dir='ltr'>siponto,</span> <span class='ocrx_word' id='word_1_254' title='bbox 480 2616 565 2674; x_wconf 67' lang='lat' dir='ltr'>dact.</span> <span class='ocrx_word' id='word_1_255' title='bbox 590 2665 621 2672; x_wconf 86' lang='lat'><em>-</em></span> <span class='ocrx_word' id='word_1_256' title='bbox 647 2622 776 2683; x_wconf 79' lang='lat' dir='ltr'>eorrudas,</span> <span class='ocrx_word' id='word_1_257' title='bbox 791 2625 859 2672; x_wconf 87' lang='lat' dir='ltr'>Bud.</span> <span class='ocrx_word' id='word_1_258' title='bbox 875 2638 897 2673; x_wconf 86' lang='lat' dir='ltr'>c.</span> <span class='ocrx_word' id='word_1_259' title='bbox 924 2621 1048 2682; x_wconf 84' lang='lat' dir='ltr'>berrudas,</span> <span class='ocrx_word' id='word_1_260' title='bbox 1065 2639 1088 2672; x_wconf 86' lang='lat' dir='ltr'>a.</span> <span class='ocrx_word' id='word_1_261' title='bbox 1114 2620 1264 2681; x_wconf 62' lang='lat' dir='ltr'>torridmd</span> 
     </span>
     <span class='ocr_line' id='line_1_28' title="bbox 143 2684 1263 2755; baseline -0.004 -13"><span class='ocrx_word' id='word_1_262' title='bbox 143 2691 229 2755; x_wconf 78' lang='lat' dir='ltr'>(codd.</span> <span class='ocrx_word' id='word_1_263' title='bbox 241 2690 360 2755; x_wconf 88' lang='lat' dir='ltr'>Budaei).</span> <span class='ocrx_word' id='word_1_264' title='bbox 377 2733 407 2741; x_wconf 83' lang='lat'><em>-</em></span> <span class='ocrx_word' id='word_1_265' title='bbox 423 2691 516 2755; x_wconf 79' lang='lat' dir='ltr'>passim</span> <span class='ocrx_word' id='word_1_266' title='bbox 528 2691 626 2755; x_wconf 67' lang='lat' dir='ltr'>quaeque</span> <span class='ocrx_word' id='word_1_267' title='bbox 637 2689 766 2751; x_wconf 84' lang='lat' dir='ltr'>demeteret,</span> <span class='ocrx_word' id='word_1_268' title='bbox 779 2692 842 2740; x_wconf 86' lang='lat' dir='ltr'>aed.</span> <span class='ocrx_word' id='word_1_269' title='bbox 860 2691 960 2753; x_wconf 74' lang='lat' dir='ltr'>quisque</span> <span class='ocrx_word' id='word_1_270' title='bbox 970 2687 1094 2738; x_wconf 65' lang='lat' dir='ltr'>demam</span> <span class='ocrx_word' id='word_1_271' title='bbox 1100 2689 1202 2753; x_wconf 69' lang='lat' dir='ltr'>passiam</span> <span class='ocrx_word' id='word_1_272' title='bbox 1214 2684 1263 2752; x_wconf 77' lang='grc' dir='ltr'>βγ.</span> 
     </span>
     <span class='ocr_line' id='line_1_29' title="bbox 144 2754 950 2822; baseline -0.001 -14"><span class='ocrx_word' id='word_1_273' title='bbox 144 2801 176 2809; x_wconf 86' lang='grc'>-</span> <span class='ocrx_word' id='word_1_274' title='bbox 195 2759 276 2820; x_wconf 77' lang='lat' dir='ltr'>ternio,</span> <span class='ocrx_word' id='word_1_275' title='bbox 288 2774 311 2808; x_wconf 88' lang='lat' dir='ltr'>a.</span> <span class='ocrx_word' id='word_1_276' title='bbox 331 2768 416 2819; x_wconf 71' lang='lat' dir='ltr'>oernoa,</span> <span class='ocrx_word' id='word_1_277' title='bbox 429 2754 519 2822; x_wconf 72' lang='lat' dir='ltr'>cdssr.</span> <span class='ocrx_word' id='word_1_278' title='bbox 539 2799 570 2808; x_wconf 90' lang='grc'>..</span> <span class='ocrx_word' id='word_1_279' title='bbox 588 2757 688 2807; x_wconf 82' lang='lat' dir='ltr'>nummis</span> <span class='ocrx_word' id='word_1_280' title='bbox 698 2757 739 2807; x_wconf 78' lang='lat' dir='ltr'>vel</span> <span class='ocrx_word' id='word_1_281' title='bbox 750 2757 872 2818; x_wconf 69' lang='lat' dir='ltr'>catedra,</span> <span class='ocrx_word' id='word_1_282' title='bbox 883 2758 950 2807; x_wconf 87' lang='lat' dir='ltr'>Bud.</span> 
     </span>
    </p>

    <p class='ocr_par' dir='ltr' id='par_1_6' title="bbox 143 2822 1265 3295">
     <span class='ocr_line' id='line_1_30' title="bbox 176 2822 1264 2892; baseline -0.005 -15"><span class='ocrx_word' id='word_1_283' title='bbox 176 2829 245 2892; x_wconf 68' lang='lat'><strong>555.</strong></span> <span class='ocrx_word' id='word_1_284' title='bbox 269 2824 502 2886; x_wconf 61' lang='lat' dir='ltr'>arduuvuctac.</span> <span class='ocrx_word' id='word_1_285' title='bbox 528 2823 712 2887; x_wconf 53' lang='lat' dir='ltr'>cardumae-acm</span> <span class='ocrx_word' id='word_1_286' title='bbox 734 2822 832 2873; x_wconf 81' lang='lat' dir='ltr'>carduis</span> <span class='ocrx_word' id='word_1_287' title='bbox 843 2824 912 2885; x_wconf 71' lang='lat' dir='ltr'>naci,</span> <span class='ocrx_word' id='word_1_288' title='bbox 925 2826 983 2885; x_wconf 84' lang='lat' dir='ltr'>Td,</span> <span class='ocrx_word' id='word_1_289' title='bbox 1003 2826 1072 2887; x_wconf 88' lang='lat' dir='ltr'>quod</span> <span class='ocrx_word' id='word_1_290' title='bbox 1083 2826 1176 2888; x_wconf 88' lang='lat' dir='ltr'>probat</span> <span class='ocrx_word' id='word_1_291' title='bbox 1186 2825 1264 2874; x_wconf 61' lang='lat' dir='ltr'>Pina:</span> 
     </span>
     <span class='ocr_line' id='line_1_31' title="bbox 143 2890 1264 2956; baseline -0.004 -12"><span class='ocrx_word' id='word_1_292' title='bbox 143 2896 195 2954; x_wconf 86' lang='lat' dir='ltr'>„ad</span> <span class='ocrx_word' id='word_1_293' title='bbox 211 2896 333 2944; x_wconf 85' lang='lat' dir='ltr'>maiorem</span> <span class='ocrx_word' id='word_1_294' title='bbox 350 2894 467 2945; x_wconf 86' lang='lat' dir='ltr'>divitibus</span> <span class='ocrx_word' id='word_1_295' title='bbox 484 2895 645 2943; x_wconf 86' lang='lat' dir='ltr'>conflandam</span> <span class='ocrx_word' id='word_1_296' title='bbox 660 2892 806 2942; x_wconf 86' lang='lat' dir='ltr'>invidiam”.</span> <span class='ocrx_word' id='word_1_297' title='bbox 825 2931 857 2941; x_wconf 84' lang='lat'>..</span> <span class='ocrx_word' id='word_1_298' title='bbox 879 2890 966 2954; x_wconf 81' lang='lat' dir='ltr'>plebei,</span> <span class='ocrx_word' id='word_1_299' title='bbox 983 2893 1055 2941; x_wconf 83' lang='lat' dir='ltr'>Tae.</span> <span class='ocrx_word' id='word_1_300' title='bbox 1079 2890 1153 2954; x_wconf 85' lang='lat' dir='ltr'>plebi,</span> <span class='ocrx_word' id='word_1_301' title='bbox 1168 2894 1214 2956; x_wconf 81' lang='lat' dir='ltr'>dr.</span> <span class='ocrx_word' id='word_1_302' title='bbox 1233 2929 1264 2939; x_wconf 73' lang='grc'>-</span> 
     </span>
     <span class='ocr_line' id='line_1_32' title="bbox 143 2952 1265 3024; baseline -0.003 -15"><span class='ocrx_word' id='word_1_303' title='bbox 143 2961 237 3024; x_wconf 80' lang='lat' dir='ltr'>Aquae,</span> <span class='ocrx_word' id='word_1_304' title='bbox 250 2977 292 3012; x_wconf 88' lang='lat' dir='ltr'>ac.</span> <span class='ocrx_word' id='word_1_305' title='bbox 315 2960 379 3023; x_wconf 90' lang='lat' dir='ltr'>Iam,</span> <span class='ocrx_word' id='word_1_306' title='bbox 392 2963 416 3010; x_wconf 89' lang='lat' dir='ltr'>d.</span> <span class='ocrx_word' id='word_1_307' title='bbox 435 3002 465 3010; x_wconf 86' lang='lat'>..</span> <span class='ocrx_word' id='word_1_308' title='bbox 484 2960 516 3023; x_wconf 88' lang='lat' dir='ltr'>vi,</span> <span class='ocrx_word' id='word_1_309' title='bbox 528 2974 571 3009; x_wconf 88' lang='lat' dir='ltr'>ac.</span> <span class='ocrx_word' id='word_1_310' title='bbox 593 2959 627 3020; x_wconf 82' lang='lat' dir='ltr'>in,</span> <span class='ocrx_word' id='word_1_311' title='bbox 642 2952 736 3009; x_wconf 73' lang='grc' dir='ltr'>θΤᾶι.</span> <span class='ocrx_word' id='word_1_312' title='bbox 756 3000 787 3008; x_wconf 87' lang='grc'>..</span> <span class='ocrx_word' id='word_1_313' title='bbox 806 2957 917 3021; x_wconf 84' lang='lat' dir='ltr'>pecunia,</span> <span class='ocrx_word' id='word_1_314' title='bbox 929 2974 948 3008; x_wconf 92' lang='lat' dir='ltr'>r.</span> <span class='ocrx_word' id='word_1_315' title='bbox 967 3000 999 3008; x_wconf 85' lang='lat'><em>-</em></span> <span class='ocrx_word' id='word_1_316' title='bbox 1017 2956 1129 3017; x_wconf 62' lang='lat' dir='ltr'>dumeta,</span> <span class='ocrx_word' id='word_1_317' title='bbox 1140 2975 1164 3009; x_wconf 88' lang='lat' dir='ltr'>a.</span> <span class='ocrx_word' id='word_1_318' title='bbox 1187 2956 1265 3006; x_wconf 85' lang='lat' dir='ltr'>deere-</span> 
     </span>
     <span class='ocr_line' id='line_1_33' title="bbox 144 3021 1264 3090; baseline -0.003 -13"><span class='ocrx_word' id='word_1_319' title='bbox 144 3035 200 3090; x_wconf 87' lang='lat' dir='ltr'>tum,</span> <span class='ocrx_word' id='word_1_320' title='bbox 215 3021 312 3081; x_wconf 76' lang='lat' dir='ltr'>OTsa</span> <span class='ocrx_word' id='word_1_321' title='bbox 331 3070 362 3079; x_wconf 86' lang='grc'>..</span> <span class='ocrx_word' id='word_1_322' title='bbox 384 3028 442 3090; x_wconf 78' lang='lat' dir='ltr'>ffic,</span> <span class='ocrx_word' id='word_1_323' title='bbox 460 3030 512 3079; x_wconf 74' lang='grc' dir='ltr'>Τὰ.</span> <span class='ocrx_word' id='word_1_324' title='bbox 532 3068 563 3078; x_wconf 82' lang='lat'>-</span> <span class='ocrx_word' id='word_1_325' title='bbox 586 3025 645 3088; x_wconf 85' lang='lat' dir='ltr'>illic,</span> <span class='ocrx_word' id='word_1_326' title='bbox 661 3028 713 3076; x_wconf 83' lang='lat' dir='ltr'>Td.</span> <span class='ocrx_word' id='word_1_327' title='bbox 733 3066 764 3075; x_wconf 91' lang='grc'>..</span> <span class='ocrx_word' id='word_1_328' title='bbox 784 3029 913 3089; x_wconf 83' lang='lat' dir='ltr'>potant,d.</span> <span class='ocrx_word' id='word_1_329' title='bbox 937 3033 1059 3090; x_wconf 61' lang='lat' dir='ltr'>potente.</span> <span class='ocrx_word' id='word_1_330' title='bbox 1084 3033 1215 3088; x_wconf 63' lang='lat' dir='ltr'>portenta.</span> <span class='ocrx_word' id='word_1_331' title='bbox 1233 3064 1264 3074; x_wconf 85' lang='lat'>-</span> 
     </span>
     <span class='ocr_line' id='line_1_34' title="bbox 144 3086 1264 3162; baseline -0.004 -18"><span class='ocrx_word' id='word_1_332' title='bbox 144 3095 216 3161; x_wconf 79' lang='lat' dir='ltr'>liqur,</span> <span class='ocrx_word' id='word_1_333' title='bbox 228 3113 267 3147; x_wconf 90' lang='lat' dir='ltr'>ar.</span> <span class='ocrx_word' id='word_1_334' title='bbox 287 3095 374 3162; x_wconf 74' lang='lat' dir='ltr'>lipara,</span> <span class='ocrx_word' id='word_1_335' title='bbox 387 3111 409 3147; x_wconf 91' lang='lat' dir='ltr'>c.</span> <span class='ocrx_word' id='word_1_336' title='bbox 428 3095 514 3161; x_wconf 81' lang='lat' dir='ltr'>liqora,</span> <span class='ocrx_word' id='word_1_337' title='bbox 526 3098 549 3146; x_wconf 89' lang='lat' dir='ltr'>d.</span> <span class='ocrx_word' id='word_1_338' title='bbox 568 3136 600 3145; x_wconf 91' lang='lat'>..</span> <span class='ocrx_word' id='word_1_339' title='bbox 619 3093 672 3143; x_wconf 85' lang='lat' dir='ltr'>alia</span> <span class='ocrx_word' id='word_1_340' title='bbox 683 3109 752 3156; x_wconf 80' lang='lat' dir='ltr'>quae,</span> <span class='ocrx_word' id='word_1_341' title='bbox 764 3095 827 3143; x_wconf 84' lang='lat' dir='ltr'>aed.</span> <span class='ocrx_word' id='word_1_342' title='bbox 846 3133 878 3142; x_wconf 90' lang='grc'>..</span> <span class='ocrx_word' id='word_1_343' title='bbox 896 3093 984 3156; x_wconf 84' lang='lat' dir='ltr'>utique,</span> <span class='ocrx_word' id='word_1_344' title='bbox 1000 3086 1119 3143; x_wconf 68' lang='lat' dir='ltr'>draca</span> <span class='ocrx_word' id='word_1_345' title='bbox 1137 3092 1225 3155; x_wconf 84' lang='lat' dir='ltr'>itaque,</span> <span class='ocrx_word' id='word_1_346' title='bbox 1235 3087 1264 3154; x_wconf 76' lang='grc' dir='ltr'>β.</span> 
     </span>
     <span class='ocr_line' id='line_1_35' title="bbox 145 3153 1263 3226; baseline -0.005 -14"><span class='ocrx_word' id='word_1_347' title='bbox 145 3203 176 3212; x_wconf 79' lang='grc'>-</span> <span class='ocrx_word' id='word_1_348' title='bbox 193 3162 231 3213; x_wconf 85' lang='lat' dir='ltr'>Et</span> <span class='ocrx_word' id='word_1_349' title='bbox 241 3163 266 3211; x_wconf 84' lang='lat' dir='ltr'>in</span> <span class='ocrx_word' id='word_1_350' title='bbox 278 3180 353 3223; x_wconf 80' lang='lat' dir='ltr'>amne,</span> <span class='ocrx_word' id='word_1_351' title='bbox 365 3167 389 3214; x_wconf 90' lang='lat' dir='ltr'>d.</span> <span class='ocrx_word' id='word_1_352' title='bbox 408 3205 439 3213; x_wconf 88' lang='lat'><em>-</em></span> <span class='ocrx_word' id='word_1_353' title='bbox 461 3162 540 3223; x_wconf 82' lang='lat' dir='ltr'>diuiti,</span> <span class='ocrx_word' id='word_1_354' title='bbox 556 3165 593 3213; x_wconf 86' lang='lat' dir='ltr'>ita</span> <span class='ocrx_word' id='word_1_355' title='bbox 604 3155 815 3226; x_wconf 74' lang='lat' dir='ltr'>nos&#39;scripsimus.</span> <span class='ocrx_word' id='word_1_356' title='bbox 841 3159 937 3222; x_wconf 79' lang='lat' dir='ltr'>divitia,</span> <span class='ocrx_word' id='word_1_357' title='bbox 954 3153 1073 3210; x_wconf 74' lang='lat' dir='ltr'>OTaed</span> <span class='ocrx_word' id='word_1_358' title='bbox 1098 3158 1201 3221; x_wconf 62' lang='lat' dir='ltr'>divium,</span> <span class='ocrx_word' id='word_1_359' title='bbox 1212 3155 1263 3222; x_wconf 76' lang='grc' dir='ltr'>βγ.</span> 
     </span>
     <span class='ocr_line' id='line_1_36' title="bbox 145 3225 654 3295; baseline 0.002 -16"><span class='ocrx_word' id='word_1_360' title='bbox 145 3270 176 3279; x_wconf 85' lang='grc'><strong>-</strong></span> <span class='ocrx_word' id='word_1_361' title='bbox 191 3229 309 3292; x_wconf 75' lang='lat' dir='ltr'>pascitur,</span> <span class='ocrx_word' id='word_1_362' title='bbox 324 3225 460 3281; x_wconf 74' lang='lat' dir='ltr'>OTacdr.</span> <span class='ocrx_word' id='word_1_363' title='bbox 478 3231 592 3289; x_wconf 79' lang='lat' dir='ltr'>nascitur,</span> <span class='ocrx_word' id='word_1_364' title='bbox 602 3227 654 3295; x_wconf 75' lang='grc' dir='ltr'>βγ.</span> 
     </span>
    </p>

    <p class='ocr_par' dir='ltr' id='par_1_7' title="bbox 141 3293 1265 4304">
     <span class='ocr_line' id='line_1_37' title="bbox 178 3293 1265 3360; baseline -0.003 -13"><span class='ocrx_word' id='word_1_365' title='bbox 178 3297 246 3359; x_wconf 63' lang='lat' dir='ltr'>§tu</span> <span class='ocrx_word' id='word_1_366' title='bbox 272 3311 333 3356; x_wconf 81' lang='lat' dir='ltr'>mox,</span> <span class='ocrx_word' id='word_1_367' title='bbox 347 3298 439 3346; x_wconf 84' lang='lat' dir='ltr'>Tacd.</span> <span class='ocrx_word' id='word_1_368' title='bbox 458 3313 527 3358; x_wconf 84' lang='lat' dir='ltr'>more,</span> <span class='ocrx_word' id='word_1_369' title='bbox 538 3293 568 3359; x_wconf 80' lang='grc' dir='ltr'>β.</span> <span class='ocrx_word' id='word_1_370' title='bbox 589 3313 647 3358; x_wconf 82' lang='lat' dir='ltr'>moa,</span> <span class='ocrx_word' id='word_1_371' title='bbox 659 3298 726 3348; x_wconf 91' lang='lat' dir='ltr'>Piut.</span> <span class='ocrx_word' id='word_1_372' title='bbox 750 3298 863 3360; x_wconf 87' lang='lat' dir='ltr'>Recepta</span> <span class='ocrx_word' id='word_1_373' title='bbox 881 3295 996 3344; x_wconf 88' lang='lat' dir='ltr'>omnium</span> <span class='ocrx_word' id='word_1_374' title='bbox 1012 3295 1128 3349; x_wconf 86' lang='lat' dir='ltr'>codicum</span> <span class='ocrx_word' id='word_1_375' title='bbox 1141 3296 1265 3358; x_wconf 86' lang='lat' dir='ltr'>scriptura</span> 
     </span>
     <span class='ocr_line' id='line_1_38' title="bbox 144 3361 1265 3427; baseline -0.003 -13"><span class='ocrx_word' id='word_1_376' title='bbox 144 3363 223 3414; x_wconf 84' lang='lat' dir='ltr'>Hard.</span> <span class='ocrx_word' id='word_1_377' title='bbox 241 3364 333 3412; x_wconf 88' lang='lat' dir='ltr'>mirum</span> <span class='ocrx_word' id='word_1_378' title='bbox 350 3373 474 3427; x_wconf 87' lang='lat' dir='ltr'>quantum</span> <span class='ocrx_word' id='word_1_379' title='bbox 489 3379 517 3413; x_wconf 86' lang='lat' dir='ltr'>se</span> <span class='ocrx_word' id='word_1_380' title='bbox 528 3372 637 3427; x_wconf 85' lang='lat' dir='ltr'>torquet,</span> <span class='ocrx_word' id='word_1_381' title='bbox 652 3372 682 3412; x_wconf 88' lang='lat' dir='ltr'>ut</span> <span class='ocrx_word' id='word_1_382' title='bbox 697 3364 766 3412; x_wconf 80' lang='lat' dir='ltr'>verbi</span> <span class='ocrx_word' id='word_1_383' title='bbox 785 3361 898 3426; x_wconf 83' lang='lat' dir='ltr'>aequabit</span> <span class='ocrx_word' id='word_1_384' title='bbox 912 3362 1052 3411; x_wconf 87' lang='lat' dir='ltr'>subiectum</span> <span class='ocrx_word' id='word_1_385' title='bbox 1065 3363 1180 3426; x_wconf 75' lang='lat' dir='ltr'>aliquod,</span> <span class='ocrx_word' id='word_1_386' title='bbox 1197 3362 1265 3425; x_wconf 86' lang='lat' dir='ltr'>quod</span> 
     </span>
     <span class='ocr_line' id='line_1_39' title="bbox 144 3429 1265 3494; baseline -0.003 -15"><span class='ocrx_word' id='word_1_387' title='bbox 144 3445 199 3481; x_wconf 89' lang='lat' dir='ltr'>uon</span> <span class='ocrx_word' id='word_1_388' title='bbox 214 3433 293 3491; x_wconf 85' lang='lat' dir='ltr'>adest,</span> <span class='ocrx_word' id='word_1_389' title='bbox 310 3445 356 3494; x_wconf 89' lang='lat' dir='ltr'>per</span> <span class='ocrx_word' id='word_1_390' title='bbox 372 3431 605 3494; x_wconf 83' lang='lat' dir='ltr'>interpretationem</span> <span class='ocrx_word' id='word_1_391' title='bbox 621 3445 694 3479; x_wconf 85' lang='lat' dir='ltr'>suam</span> <span class='ocrx_word' id='word_1_392' title='bbox 711 3431 851 3494; x_wconf 82' lang='lat' dir='ltr'>exsculpat.</span> <span class='ocrx_word' id='word_1_393' title='bbox 874 3431 1023 3493; x_wconf 81' lang='lat' dir='ltr'>Legendum</span> <span class='ocrx_word' id='word_1_394' title='bbox 1041 3437 1081 3479; x_wconf 89' lang='lat' dir='ltr'>est</span> <span class='ocrx_word' id='word_1_395' title='bbox 1097 3429 1265 3491; x_wconf 76' lang='lat' dir='ltr'>aequabilem</span> 
     </span>
     <span class='ocr_line' id='line_1_40' title="bbox 141 3496 1264 3562; baseline 0 -16"><span class='ocrx_word' id='word_1_396' title='bbox 141 3498 251 3562; x_wconf 78' lang='lat' dir='ltr'>pecunia,</span> <span class='ocrx_word' id='word_1_397' title='bbox 268 3513 326 3560; x_wconf 80' lang='lat' dir='ltr'>quoa</span> <span class='ocrx_word' id='word_1_398' title='bbox 339 3514 391 3561; x_wconf 90' lang='lat' dir='ltr'>pec.</span> <span class='ocrx_word' id='word_1_399' title='bbox 407 3513 496 3560; x_wconf 75' lang='lat' dir='ltr'>repar,</span> <span class='ocrx_word' id='word_1_400' title='bbox 512 3505 538 3547; x_wconf 90' lang='lat' dir='ltr'>et</span> <span class='ocrx_word' id='word_1_401' title='bbox 554 3504 623 3547; x_wconf 88' lang='lat' dir='ltr'>totus</span> <span class='ocrx_word' id='word_1_402' title='bbox 640 3497 721 3557; x_wconf 90' lang='lat' dir='ltr'>locus,</span> <span class='ocrx_word' id='word_1_403' title='bbox 738 3497 812 3546; x_wconf 90' lang='lat' dir='ltr'>cuius</span> <span class='ocrx_word' id='word_1_404' title='bbox 829 3497 911 3548; x_wconf 81' lang='lat' dir='ltr'>varias</span> <span class='ocrx_word' id='word_1_405' title='bbox 928 3496 1090 3546; x_wconf 79' lang='lat' dir='ltr'>difficultates</span> <span class='ocrx_word' id='word_1_406' title='bbox 1107 3512 1174 3546; x_wconf 87' lang='lat' dir='ltr'>unus</span> <span class='ocrx_word' id='word_1_407' title='bbox 1186 3497 1264 3546; x_wconf 76' lang='lat' dir='ltr'>flua</span> 
     </span>
     <span class='ocr_line' id='line_1_41' title="bbox 144 3563 1264 3629; baseline -0.004 -13"><span class='ocrx_word' id='word_1_408' title='bbox 144 3567 231 3624; x_wconf 81' lang='lat' dir='ltr'>sensit,</span> <span class='ocrx_word' id='word_1_409' title='bbox 249 3568 293 3616; x_wconf 88' lang='lat' dir='ltr'>sed</span> <span class='ocrx_word' id='word_1_410' title='bbox 310 3566 465 3629; x_wconf 88' lang='lat' dir='ltr'>ineptissime</span> <span class='ocrx_word' id='word_1_411' title='bbox 482 3572 507 3614; x_wconf 90' lang='lat' dir='ltr'>et</span> <span class='ocrx_word' id='word_1_412' title='bbox 522 3563 655 3617; x_wconf 83' lang='lat' dir='ltr'>durissime</span> <span class='ocrx_word' id='word_1_413' title='bbox 670 3565 789 3627; x_wconf 85' lang='lat' dir='ltr'>expedire</span> <span class='ocrx_word' id='word_1_414' title='bbox 805 3573 844 3615; x_wconf 88' lang='lat' dir='ltr'>est</span> <span class='ocrx_word' id='word_1_415' title='bbox 861 3573 975 3626; x_wconf 87' lang='lat' dir='ltr'>conatus,</span> <span class='ocrx_word' id='word_1_416' title='bbox 997 3565 1033 3614; x_wconf 89' lang='lat' dir='ltr'>sio</span> <span class='ocrx_word' id='word_1_417' title='bbox 1049 3564 1264 3627; x_wconf 84' lang='lat' dir='ltr'>interpretandus:</span> 
     </span>
     <span class='ocr_line' id='line_1_42' title="bbox 144 3632 1264 3696; baseline -0.004 -13"><span class='ocrx_word' id='word_1_418' title='bbox 144 3634 221 3694; x_wconf 77' lang='lat' dir='ltr'>Plin,</span> <span class='ocrx_word' id='word_1_419' title='bbox 235 3649 293 3683; x_wconf 89' lang='lat' dir='ltr'>cum</span> <span class='ocrx_word' id='word_1_420' title='bbox 304 3634 450 3696; x_wconf 76' lang='lat' dir='ltr'>indignetur</span> <span class='ocrx_word' id='word_1_421' title='bbox 461 3633 537 3682; x_wconf 87' lang='lat' dir='ltr'>etiam</span> <span class='ocrx_word' id='word_1_422' title='bbox 550 3648 584 3681; x_wconf 83' lang='lat' dir='ltr'>ex</span> <span class='ocrx_word' id='word_1_423' title='bbox 596 3632 679 3681; x_wconf 90' lang='lat' dir='ltr'>herbis</span> <span class='ocrx_word' id='word_1_424' title='bbox 691 3632 761 3683; x_wconf 89' lang='lat' dir='ltr'>solos</span> <span class='ocrx_word' id='word_1_425' title='bbox 774 3633 864 3682; x_wconf 84' lang='lat' dir='ltr'>divites</span> <span class='ocrx_word' id='word_1_426' title='bbox 875 3632 975 3682; x_wconf 85' lang='lat' dir='ltr'>lucrum</span> <span class='ocrx_word' id='word_1_427' title='bbox 984 3645 1081 3694; x_wconf 85' lang='lat' dir='ltr'>capere,</span> <span class='ocrx_word' id='word_1_428' title='bbox 1093 3645 1126 3680; x_wconf 84' lang='lat' dir='ltr'>ex</span> <span class='ocrx_word' id='word_1_429' title='bbox 1138 3646 1210 3681; x_wconf 89' lang='lat' dir='ltr'>more</span> <span class='ocrx_word' id='word_1_430' title='bbox 1218 3644 1264 3681; x_wconf 90' lang='lat' dir='ltr'>suo</span> 
     </span>
     <span class='ocr_line' id='line_1_43' title="bbox 144 3699 1264 3764; baseline -0.003 -13"><span class='ocrx_word' id='word_1_431' title='bbox 144 3702 212 3751; x_wconf 85' lang='lat' dir='ltr'>hauc</span> <span class='ocrx_word' id='word_1_432' title='bbox 228 3702 387 3751; x_wconf 81' lang='lat' dir='ltr'>occasionem</span> <span class='ocrx_word' id='word_1_433' title='bbox 404 3700 491 3764; x_wconf 88' lang='lat' dir='ltr'>arripit</span> <span class='ocrx_word' id='word_1_434' title='bbox 506 3699 620 3750; x_wconf 89' lang='lat' dir='ltr'>dolorem</span> <span class='ocrx_word' id='word_1_435' title='bbox 638 3715 712 3750; x_wconf 91' lang='lat' dir='ltr'>suum</span> <span class='ocrx_word' id='word_1_436' title='bbox 725 3700 832 3749; x_wconf 88' lang='lat' dir='ltr'>detristi</span> <span class='ocrx_word' id='word_1_437' title='bbox 845 3700 999 3759; x_wconf 88' lang='lat' dir='ltr'>conditione,</span> <span class='ocrx_word' id='word_1_438' title='bbox 1012 3713 1063 3761; x_wconf 88' lang='lat' dir='ltr'>qua</span> <span class='ocrx_word' id='word_1_439' title='bbox 1074 3712 1199 3761; x_wconf 86' lang='lat' dir='ltr'>pauperes</span> <span class='ocrx_word' id='word_1_440' title='bbox 1209 3706 1264 3748; x_wconf 88' lang='lat' dir='ltr'>ute·</span> 
     </span>
     <span class='ocr_line' id='line_1_44' title="bbox 144 3767 1265 3833; baseline -0.004 -15"><span class='ocrx_word' id='word_1_441' title='bbox 144 3770 246 3829; x_wconf 86' lang='lat' dir='ltr'>bantur,</span> <span class='ocrx_word' id='word_1_442' title='bbox 262 3768 394 3833; x_wconf 89' lang='lat' dir='ltr'>prodendi,</span> <span class='ocrx_word' id='word_1_443' title='bbox 412 3769 472 3817; x_wconf 90' lang='lat' dir='ltr'>dum</span> <span class='ocrx_word' id='word_1_444' title='bbox 489 3768 549 3818; x_wconf 88' lang='lat' dir='ltr'>dicit</span> <span class='ocrx_word' id='word_1_445' title='bbox 565 3767 692 3817; x_wconf 89' lang='lat' dir='ltr'>nemiuem</span> <span class='ocrx_word' id='word_1_446' title='bbox 709 3782 850 3831; x_wconf 87' lang='lat' dir='ltr'>pauperum</span> <span class='ocrx_word' id='word_1_447' title='bbox 867 3768 1008 3817; x_wconf 87' lang='lat' dir='ltr'>desiderare</span> <span class='ocrx_word' id='word_1_448' title='bbox 1025 3767 1116 3815; x_wconf 90' lang='lat' dir='ltr'>debere</span> <span class='ocrx_word' id='word_1_449' title='bbox 1132 3781 1228 3815; x_wconf 85' lang='lat' dir='ltr'>novam</span> <span class='ocrx_word' id='word_1_450' title='bbox 1238 3767 1265 3814; x_wconf 91' lang='lat' dir='ltr'>in</span> 
     </span>
     <span class='ocr_line' id='line_1_45' title="bbox 144 3833 1264 3899; baseline -0.002 -13"><span class='ocrx_word' id='word_1_451' title='bbox 144 3845 260 3886; x_wconf 88' lang='lat' dir='ltr'>montem</span> <span class='ocrx_word' id='word_1_452' title='bbox 276 3850 375 3885; x_wconf 88' lang='lat' dir='ltr'>sacrum</span> <span class='ocrx_word' id='word_1_453' title='bbox 392 3835 568 3896; x_wconf 89' lang='lat' dir='ltr'>secessionem,</span> <span class='ocrx_word' id='word_1_454' title='bbox 585 3849 619 3885; x_wconf 84' lang='lat' dir='ltr'>ex</span> <span class='ocrx_word' id='word_1_455' title='bbox 634 3849 685 3899; x_wconf 88' lang='lat' dir='ltr'>que</span> <span class='ocrx_word' id='word_1_456' title='bbox 700 3836 838 3885; x_wconf 83' lang='lat' dir='ltr'>remedium</span> <span class='ocrx_word' id='word_1_457' title='bbox 854 3835 924 3883; x_wconf 90' lang='lat' dir='ltr'>illius</span> <span class='ocrx_word' id='word_1_458' title='bbox 938 3833 999 3883; x_wconf 89' lang='lat' dir='ltr'>mali</span> <span class='ocrx_word' id='word_1_459' title='bbox 1013 3840 1133 3896; x_wconf 86' lang='lat' dir='ltr'>speretur.</span> <span class='ocrx_word' id='word_1_460' title='bbox 1156 3833 1264 3884; x_wconf 79' lang='lat' dir='ltr'>Etiamsi</span> 
     </span>
     <span class='ocr_line' id='line_1_46' title="bbox 143 3900 1265 3967; baseline -0.004 -14"><span class='ocrx_word' id='word_1_461' title='bbox 143 3904 231 3967; x_wconf 91' lang='lat' dir='ltr'>plebes</span> <span class='ocrx_word' id='word_1_462' title='bbox 248 3903 465 3965; x_wconf 70' lang='lat' dir='ltr'>namucensem,</span> <span class='ocrx_word' id='word_1_463' title='bbox 486 3919 548 3952; x_wconf 83' lang='lat' dir='ltr'>mox</span> <span class='ocrx_word' id='word_1_464' title='bbox 565 3910 649 3952; x_wconf 88' lang='lat' dir='ltr'>tamen</span> <span class='ocrx_word' id='word_1_465' title='bbox 666 3917 723 3952; x_wconf 88' lang='lat' dir='ltr'>eam</span> <span class='ocrx_word' id='word_1_466' title='bbox 739 3904 823 3952; x_wconf 86' lang='lat' dir='ltr'>denuo</span> <span class='ocrx_word' id='word_1_467' title='bbox 840 3909 977 3964; x_wconf 85' lang='lat' dir='ltr'>aequatum</span> <span class='ocrx_word' id='word_1_468' title='bbox 994 3900 1025 3950; x_wconf 91' lang='lat' dir='ltr'>iri</span> <span class='ocrx_word' id='word_1_469' title='bbox 1041 3901 1057 3949; x_wconf 92' lang='lat' dir='ltr'>i.</span> <span class='ocrx_word' id='word_1_470' title='bbox 1075 3914 1096 3950; x_wconf 89' lang='lat' dir='ltr'>e.</span> <span class='ocrx_word' id='word_1_471' title='bbox 1113 3900 1141 3950; x_wconf 92' lang='lat' dir='ltr'>iu</span> <span class='ocrx_word' id='word_1_472' title='bbox 1157 3902 1265 3951; x_wconf 87' lang='lat' dir='ltr'>eundem</span> 
     </span>
     <span class='ocr_line' id='line_1_47' title="bbox 143 3970 1264 4035; baseline -0.004 -14"><span class='ocrx_word' id='word_1_473' title='bbox 143 3986 220 4034; x_wconf 90' lang='lat' dir='ltr'>quem</span> <span class='ocrx_word' id='word_1_474' title='bbox 236 3973 306 4035; x_wconf 90' lang='lat' dir='ltr'>prius</span> <span class='ocrx_word' id='word_1_475' title='bbox 322 3971 432 4020; x_wconf 87' lang='lat' dir='ltr'>tenuerit</span> <span class='ocrx_word' id='word_1_476' title='bbox 448 3978 543 4021; x_wconf 87' lang='lat' dir='ltr'>statum</span> <span class='ocrx_word' id='word_1_477' title='bbox 560 3971 691 4020; x_wconf 87' lang='lat' dir='ltr'>reductum</span> <span class='ocrx_word' id='word_1_478' title='bbox 708 3970 746 4031; x_wconf 92' lang='lat' dir='ltr'>iri,</span> <span class='ocrx_word' id='word_1_479' title='bbox 765 3971 833 4033; x_wconf 91' lang='lat' dir='ltr'>quod</span> <span class='ocrx_word' id='word_1_480' title='bbox 849 3975 916 4018; x_wconf 83' lang='lat' dir='ltr'>certe</span> <span class='ocrx_word' id='word_1_481' title='bbox 927 3976 1076 4019; x_wconf 87' lang='lat' dir='ltr'>eventurum</span> <span class='ocrx_word' id='word_1_482' title='bbox 1087 3982 1143 4019; x_wconf 89' lang='lat' dir='ltr'>esse</span> <span class='ocrx_word' id='word_1_483' title='bbox 1154 3983 1200 4032; x_wconf 91' lang='lat' dir='ltr'>per</span> <span class='ocrx_word' id='word_1_484' title='bbox 1211 3983 1264 4018; x_wconf 91' lang='lat' dir='ltr'>rem</span> 
     </span>
     <span class='ocr_line' id='line_1_48' title="bbox 144 4034 1264 4098; baseline -0.002 -10"><span class='ocrx_word' id='word_1_485' title='bbox 144 4039 261 4089; x_wconf 89' lang='lat' dir='ltr'>omnibus</span> <span class='ocrx_word' id='word_1_486' title='bbox 272 4045 360 4088; x_wconf 90' lang='lat' dir='ltr'>notam</span> <span class='ocrx_word' id='word_1_487' title='bbox 373 4039 535 4091; x_wconf 81' lang='lat' dir='ltr'>demonstrat</span> <span class='ocrx_word' id='word_1_488' title='bbox 558 4039 651 4088; x_wconf 89' lang='lat' dir='ltr'>Plebes</span> <span class='ocrx_word' id='word_1_489' title='bbox 663 4039 730 4087; x_wconf 90' lang='lat' dir='ltr'>enim</span> <span class='ocrx_word' id='word_1_490' title='bbox 742 4039 859 4088; x_wconf 85' lang='lat' dir='ltr'>Romana</span> <span class='ocrx_word' id='word_1_491' title='bbox 871 4036 915 4085; x_wconf 90' lang='lat' dir='ltr'>diu</span> <span class='ocrx_word' id='word_1_492' title='bbox 926 4050 1021 4098; x_wconf 85' lang='lat' dir='ltr'>magno</span> <span class='ocrx_word' id='word_1_493' title='bbox 1034 4036 1136 4084; x_wconf 87' lang='lat' dir='ltr'>macelli</span> <span class='ocrx_word' id='word_1_494' title='bbox 1146 4034 1264 4098; x_wconf 80' lang='lat' dir='ltr'>vectigali</span> 
     </span>
     <span class='ocr_line' id='line_1_49' title="bbox 142 4102 1264 4170; baseline -0.004 -13"><span class='ocrx_word' id='word_1_495' title='bbox 142 4121 229 4170; x_wconf 88' lang='lat' dir='ltr'>pressa</span> <span class='ocrx_word' id='word_1_496' title='bbox 239 4107 290 4155; x_wconf 92' lang='lat' dir='ltr'>hoc</span> <span class='ocrx_word' id='word_1_497' title='bbox 303 4121 367 4156; x_wconf 89' lang='lat' dir='ltr'>onus</span> <span class='ocrx_word' id='word_1_498' title='bbox 379 4122 395 4156; x_wconf 88' lang='lat' dir='ltr'>a</span> <span class='ocrx_word' id='word_1_499' title='bbox 406 4121 433 4156; x_wconf 91' lang='lat' dir='ltr'>se</span> <span class='ocrx_word' id='word_1_500' title='bbox 445 4120 582 4156; x_wconf 82' lang='lat' dir='ltr'>excussura</span> <span class='ocrx_word' id='word_1_501' title='bbox 592 4120 669 4169; x_wconf 87' lang='lat' dir='ltr'>saepe</span> <span class='ocrx_word' id='word_1_502' title='bbox 678 4106 736 4156; x_wconf 90' lang='lat' dir='ltr'>altis</span> <span class='ocrx_word' id='word_1_503' title='bbox 745 4104 900 4154; x_wconf 86' lang='lat' dir='ltr'>clamoribus</span> <span class='ocrx_word' id='word_1_504' title='bbox 909 4117 997 4154; x_wconf 89' lang='lat' dir='ltr'>omues</span> <span class='ocrx_word' id='word_1_505' title='bbox 1006 4102 1132 4167; x_wconf 87' lang='lat' dir='ltr'>principes</span> <span class='ocrx_word' id='word_1_506' title='bbox 1142 4102 1158 4150; x_wconf 92' lang='lat' dir='ltr'>i.</span> <span class='ocrx_word' id='word_1_507' title='bbox 1168 4117 1190 4152; x_wconf 85' lang='lat' dir='ltr'>e.</span> <span class='ocrx_word' id='word_1_508' title='bbox 1200 4103 1264 4153; x_wconf 80' lang='lat' dir='ltr'>talea</span> 
     </span>
     <span class='ocr_line' id='line_1_50' title="bbox 142 4169 1264 4239; baseline -0.002 -17"><span class='ocrx_word' id='word_1_509' title='bbox 142 4175 217 4235; x_wconf 85' lang='lat' dir='ltr'>viros,</span> <span class='ocrx_word' id='word_1_510' title='bbox 236 4175 278 4236; x_wconf 88' lang='lat' dir='ltr'>qui</span> <span class='ocrx_word' id='word_1_511' title='bbox 294 4173 381 4236; x_wconf 87' lang='lat' dir='ltr'>aliquo</span> <span class='ocrx_word' id='word_1_512' title='bbox 393 4181 508 4239; x_wconf 90' lang='lat' dir='ltr'>tempore</span> <span class='ocrx_word' id='word_1_513' title='bbox 519 4175 629 4224; x_wconf 89' lang='lat' dir='ltr'>multum</span> <span class='ocrx_word' id='word_1_514' title='bbox 640 4174 667 4221; x_wconf 91' lang='lat' dir='ltr'>iu</span> <span class='ocrx_word' id='word_1_515' title='bbox 680 4187 707 4221; x_wconf 91' lang='lat' dir='ltr'>rc</span> <span class='ocrx_word' id='word_1_516' title='bbox 719 4172 823 4236; x_wconf 87' lang='lat' dir='ltr'>publica</span> <span class='ocrx_word' id='word_1_517' title='bbox 834 4171 959 4231; x_wconf 80' lang='lat' dir='ltr'>valebant,</span> <span class='ocrx_word' id='word_1_518' title='bbox 976 4171 1013 4221; x_wconf 89' lang='lat' dir='ltr'>uti</span> <span class='ocrx_word' id='word_1_519' title='bbox 1025 4170 1186 4235; x_wconf 90' lang='lat' dir='ltr'>Pompeium,</span> <span class='ocrx_word' id='word_1_520' title='bbox 1200 4169 1264 4221; x_wconf 85' lang='lat' dir='ltr'>Cae-</span> 
     </span>
     <span class='ocr_line' id='line_1_51' title="bbox 142 4236 1265 4304; baseline -0.005 -11"><span class='ocrx_word' id='word_1_521' title='bbox 142 4254 231 4303; x_wconf 80' lang='lat' dir='ltr'>sarem,</span> <span class='ocrx_word' id='word_1_522' title='bbox 241 4241 396 4304; x_wconf 80' lang='lat' dir='ltr'>Augustum,</span> <span class='ocrx_word' id='word_1_523' title='bbox 405 4243 530 4294; x_wconf 87' lang='lat' dir='ltr'>obtestata</span> <span class='ocrx_word' id='word_1_524' title='bbox 540 4240 632 4303; x_wconf 84' lang='lat' dir='ltr'>iuerat,</span> <span class='ocrx_word' id='word_1_525' title='bbox 642 4248 670 4290; x_wconf 87' lang='lat' dir='ltr'>ut</span> <span class='ocrx_word' id='word_1_526' title='bbox 681 4241 732 4290; x_wconf 89' lang='lat' dir='ltr'>hoc</span> <span class='ocrx_word' id='word_1_527' title='bbox 743 4239 884 4304; x_wconf 86' lang='lat' dir='ltr'>portorium</span> <span class='ocrx_word' id='word_1_528' title='bbox 895 4239 942 4290; x_wconf 88' lang='lat' dir='ltr'>sibi</span> <span class='ocrx_word' id='word_1_529' title='bbox 954 4239 1108 4288; x_wconf 86' lang='lat' dir='ltr'>remitterent</span> <span class='ocrx_word' id='word_1_530' title='bbox 1119 4237 1136 4288; x_wconf 86' lang='lat' dir='ltr'>i.</span> <span class='ocrx_word' id='word_1_531' title='bbox 1147 4250 1169 4287; x_wconf 90' lang='lat' dir='ltr'>e.</span> <span class='ocrx_word' id='word_1_532' title='bbox 1183 4253 1230 4289; x_wconf 88' lang='lat' dir='ltr'>sua</span> <span class='ocrx_word' id='word_1_533' title='bbox 1240 4236 1265 4287; x_wconf 80' lang='lat' dir='ltr'>vi</span> 
     </span>
    </p>
   </div>
   <div class='ocr_carea' id='block_1_4' title="bbox 0 0 1386 4726">
    <p class='ocr_par' dir='ltr' id='par_1_8' title="bbox 0 0 1386 4726">
     <span class='ocr_line' id='line_1_52' title="bbox 0 0 1386 4726; baseline 0 0"><span class='ocrx_word' id='word_1_534' title='bbox 0 0 1386 4726; x_wconf 95' lang='lat' dir='ltr'> </span> 
     </span>
    </p>
   </div>
  </div>
 </body>
</html>
