2754 4726
157 257 217 323 176
508 270 712 317 sarnanum
734 267 929 316 nrsrosrnn

155 424 339 491 Nascuntur
366 433 398 489 ct
420 420 583 488 vermiculi
610 421 644 485 in
665 420 790 498 radice,
816 443 888 486 curn
918 428 1093 484 sementem
1120 416 1278 483 imbribus
1294 437 1345 482 rsa

157 526 275 594 secutis
300 522 430 589 inclusit
454 520 641 607 repentinus
674 522 760 586 calor
776 540 948 614 ‘umorem3
981 519 1161 606 gignuntur
1186 530 1219 583 st
1244 520 1280 584 in

155 647 274 715 grano,
305 646 378 688 cum
407 621 514 707 spicae
535 620 655 707 pluviis
677 622 765 687 calor
785 619 982 686 infervescit.
1010 618 1073 684 Est
1094 630 1127 684 et
1148 619 1279 685 cantha-

155 728 234 793 ridis
256 725 360 790 dictus
383 723 576 791 scarabaeus
596 743 714 808 parvos
740 723 902 786 frumenta
922 720 1067 786 eredens.
1100 719 1220 787 Omnia
1241 745 1305 788 ea*

155 825 304 891 animalia
330 847 404 891 cum
432 823 504 889 cibo
530 822 691 888 deficiunt.
732 820 868 900 Oleum,
901 823 972 908 pix,
1002 822 1096 909 adips
1121 823 1306 888 contraria-

156 924 330 1010 seminibus
352 924 593 1008 cavendumque
618 946 660 989 ne
688 934 836 989 contacta
858 923 905 988 eis
928 932 1084 987 serantur.
1113 922 1224 989 Imber
1244 925 1279 989 in

155 1027 254 1095 herba
280 1025 368 1099 utilis
395 1036 537 1104 tantum,
565 1023 751 1091 florentibus
779 1033 887 1088 autem
912 1024 1072 1090 frumento
1099 1036 1131 1090 et
1157 1024 1278 1091 hordeo

154 1140 267 1207 nocet,
300 1126 516 1215 leguminibus
547 1125 705 1191 innocuus
737 1135 962 1210 praeterquam
989 1124 1094 1190 ciceri.
1129 1125 1278 1193 Mature·
1294 1145 1342 1188 rsa

154 1231 274 1296 scentia
290 1228 450 1293 frumenta
467 1227 570 1292 imbro
588 1227 758 1292 laeduntur
775 1236 808 1291 et
821 1224 976 1291 hordeum
990 1227 1103 1312 magis,
1125 1225 1279 1309 Nascitur

155 1342 188 1395 et
208 1329 308 1394 herba
329 1328 402 1392 alba
429 1327 542 1413 panico
565 1326 694 1405 similis,
716 1349 878 1413 occupans
899 1349 992 1405 arva,
1021 1328 1130 1413 pecori
1149 1349 1278 1412 quoque

155 1429 328 1499 mortifera.
353 1427 438 1493 Nam
458 1428 568 1494 lolium
591 1439 625 1493 et
646 1428 780 1517 Qs
802 1438 835 1492 et
855 1428 992 1493 carduos
1013 1428 1192 1514 lappasque
1213 1449 1278 1494 non

154 1530 263 1617 magis
289 1551 386 1614 quam
413 1530 512 1595 rubos
541 1529 624 1594 inter
645 1529 775 1616 frugum
800 1529 929 1594 morbos
950 1529 1057 1615 potius
1077 1522 1279 1614 quam‘intcr

155 1631 258 1718 ipsius
277 1641 380 1695 terrae
400 1630 503 1716 pestis
522 1630 765 1695 numeraverim.
783 1629 936 1696 Caeleste
950 1632 1080 1718 frugum
1094 1631 1277 1697 vinearum·

155 1754 218 1818 que
239 1733 358 1797 malum
379 1731 467 1797 nullo
487 1732 594 1797 minus
615 1732 748 1796 noxium
775 1744 825 1797 est
846 1733 970 1822 robigo.
1001 1733 1278 1818 Frequentissima
1294 1751 1341 1794 154

155 1835 235 1900 hacc
261 1833 295 1899 in
321 1831 448 1898 roscido
476 1842 580 1898 tractu
602 1831 863 1917 convallibusque
885 1856 923 1898 ac
945 1833 1112 1920 perflatum
1133 1858 1198 1901 non
1218 1835 1277 1901 hc·

156 1934 325 2010 bentibus3
348 1955 366 1998 e
388 1933 517 1999 diverso
539 1944 650 2000 carent
670 1956 709 1998 ea
729 1944 864 1999 ventosa
885 1943 918 2000 et
938 1935 1074 2000 excelsa
1095 1935 1186 2001 Inter
1199 1936 1279 2001 vitia

157 2044 302 2123 segetum
323 2045 356 2100 et
376 2035 503 2102 luxuria
525 2045 590 2112 est,
613 2056 685 2099 cum
704 2046 854 2100 oneratae
868 2035 1029 2103 fertilitate
1043 2036 1276 2121 procumbunt3

157 2157 325 2209 conrnune¹
335 2132 442 2201 autem
463 2135 606 2201 omnium
620 2145 762 2199 satorum
776 2135 890 2201 vitium
909 2137 1016 2216 urica,
1039 2138 1133 2204 etiam
1152 2139 1277 2218 ciceris,

157 2258 232 2302 cum
252 2233 469 2320 salsilaginem
496 2235 566 2302 eius
588 2233 748 2301 abluendo
769 2236 872 2302 imber
893 2236 1019 2305 dulcius
1039 2239 1074 2302 id
1096 2239 1183 2306 facit.
1216 2238 1279 2305 Ilst
1293 2253 1340 2298 15⁵

157 2335 258 2401 herba
279 2357 362 2419 quac
383 2335 468 2402 cicer
489 2345 603 2401 enecat
623 2345 655 2401 et
675 2358 785 2402 ervom
806 2326 1055 2428 circumligando
1076 2362 1128 2420 se,
1156 2394 1197 2405 ..
1219 2363 1278 2407 vo·

158 2448 248 2502 catur
270 2435 451 2501 orobanche
457 2460 466 2512 3
483 2491 523 2501 -
539 2437 643 2502 tritico
666 2437 760 2502 simili
782 2437 878 2504 modo
899 2461 988 2518 aera,
1009 2440 1130 2506 hordeo
1150 2442 1279 2507 festuca

159 2558 241 2620 quae
262 2548 396 2601 vocatur
417 2536 576 2624 aegilops,
602 2538 681 2603 lenti
706 2537 807 2605 herba
828 2540 1017 2606 securiclata
1039 2562 1136 2625 qnam
1156 2537 1279 2617 Graeci

158 2661 178 2702 a
205 2635 412 2704 similitudine
439 2638 605 2723 pelecinon
633 2649 765 2719 vocant3
799 2650 830 2705 et
861 2641 922 2706 hae
957 2642 1117 2728 conplexu
1148 2653 1277 2708 necant.

158 2736 254 2803 Circa
273 2736 445 2826 Philippos
474 2749 637 2805 ateramon
664 2741 830 2806 nominant
854 2741 887 2805 in
915 2741 1030 2831 pingui
1057 2743 1124 2809 solo
1144 2742 1278 2810 herbam

192 2945 278 3006 §152
305 2944 427 2995 vnmrcnli
442 2944 474 3006 in,
491 2947 515 2995 d.
538 2945 696 3008 cnrnicnlnm,
713 2964 736 2996 a.
755 2989 786 2997 -
810 2947 912 3009 inclusit,
927 2941 1029 2999 Orac.
1051 2948 1178 3012 incluserit,
1194 2945 1224 3012 β.
1242 2992 1276 3001 -

154 3011 252 3077 pluviis,
265 3028 287 3062 a.
306 3012 331 3061 in
343 3013 440 3077 pluvias,
452 3030 465 3063 r
476 3011 562 3075 (codd.
579 3012 672 3077 Turn.)
687 3012 789 3078 pluvias,
802 3016 848 3065 'Id
862 3013 919 3078 (alii
933 3018 1006 3067 codd
1015 3016 1108 3080 Turn.)
1126 3057 1158 3068 ..
1175 3016 1278 3067 matha-

157 3079 217 3129 ridir
234 3079 317 3140 dictus,
335 3082 408 3132 Tad.
436 3079 592 3144 cantharidis,
612 3075 640 3131 θ.
666 3080 790 3130 cantharis
806 3080 890 3144 dictus,
902 3079 953 3148 βγ.
968 3085 1108 3147 ΝΛΜ,
1123 3091 1162 3136 16.
1181 3126 1212 3135 ..
1235 3102 1278 3135 ro·

158 3146 222 3207 dens,
235 3149 265 3196 Τ.
290 3186 305 3196 .
345 3156 462 3209 conranni,
474 3151 498 3198 d.
525 3156 690 3211 contractae.
715 3190 743 3198 -
774 3148 934 3211 carnanter,
948 3153 972 3200 d.
1001 3159 1219 3214 namnanmm.
1243 3192 1277 3203 .-

929 3243 944 3272 fl

158 3280 189 3340 in,
200 3281 250 3329 Ta.
269 3279 332 3340 stin,
342 3275 413 3344 ᾱβγ.
424 3321 455 3329 ..
469 3289 567 3343 mlum,
576 3285 600 3333 d.
618 3292 712 3346 quarto,
721 3300 744 3333 a.
757 3283 859 3347 qnando,
868 3285 900 3336 T.
914 3277 1037 3354 Ἀμβροσία,
1049 3287 1081 3336 D.
1100 3286 1133 3336 V.
1143 3287 1277 3350 Theophr.

157 3348 177 3397 l.
188 3347 207 3396 l.
219 3345 295 3395 VIII.
310 3352 333 3405 6,
346 3353 370 3395 4.
381 3353 403 3395 5.
424 3387 454 3394 -
465 3347 615 3409 florentibus,
627 3366 649 3398 a
660 3349 758 3412 florent,
771 3353 823 3401 Td.
1055 3359 1058 3363 ’

191 3416 206 3477 §
221 3418 276 3462 153.
291 3410 387 3475 panico,
398 3413 503 3463 Barbar.
513 3417 537 3464 d.
552 3413 667 3479 panificc,
676 3432 699 3466 a
709 3457 740 3465 -
754 3416 992 3468 mbnlnsetccrclnns
1000 3417 1244 3484 lepramque-rubus,
1253 3437 1279 3472 a.
1313 3441 1327 3450 r

127 3536 130 3543 ¹
192 3484 277 3545 §154
307 3487 389 3529 carent
405 3495 446 3540 ec,
465 3483 489 3530 d.
518 3481 636 3542 cormac,
654 3498 678 3532 a
711 3484 783 3534 Haec
804 3489 912 3550 sumpsit
932 3488 999 3538 Plin.
1021 3503 1054 3537 cx
1073 3488 1204 3552 Theophr.
1220 3489 1239 3539 l.
1260 3491 1278 3539 l.

158 3548 325 3609 VIH.10,2.
344 3589 374 3597 ..
399 3550 561 3608 osannam.
589 3557 695 3610 ennato,
708 3546 757 3612 ᾶβ.
780 3550 823 3600 lcc
834 3562 976 3616 coactas.
998 3595 1028 3604 ..
1051 3556 1163 3616 asnaa
1186 3554 1279 3619 wican,

160 3611 189 3665 θ.
207 3631 298 3675 nacae,
312 3615 385 3678 Tdr.
404 3630 482 3673 nnec,
495 3617 567 3665 codd.
579 3616 658 3666 Turn.
671 3619 726 3666 adv.
739 3623 780 3679 28,
793 3626 833 3670 42.

192 3686 207 3747 5
222 3689 278 3732 155.
305 3697 391 3742 anan,
404 3684 429 3731 d.
450 3680 553 3744 labam,
565 3698 588 3732 a.
611 3725 643 3733 -
665 3684 795 3746 manle,
807 3689 852 3736 ad.
875 3689 908 3738 V.
921 3690 1051 3754 Theophr.
1064 3690 1081 3738 l.
1094 3690 1200 3741 LVIII.
1213 3697 1239 3754 8,
1252 3698 1278 3742 3.

160 3791 191 3798 -
216 3748 357 3809 triticaad.
386 3748 494 3811 niatum,
511 3745 562 3815 βγ.
589 3751 623 3800 V.
635 3753 766 3817 Theophr.
778 3754 795 3803 l.
808 3755 949 3818 LVIIL6,
964 3763 986 3806 l.
1009 3796 1042 3807 ..
1067 3772 1200 3821 osrn3pro
1211 3758 1278 3810 h.r.

158 3817 238 3866 habet
249 3815 322 3865 herbo
333 3832 357 3877 a,
379 3814 437 3877 lucra
450 3819 474 3878 d,
496 3817 587 3882 aircr.
607 3861 638 3869 -
662 3819 756 3882 hordeo,
768 3825 813 3871 ad.
836 3821 954 3886 hordeum,
966 3819 1018 3889 βγ.
1037 3865 1068 3874 ..
1088 3823 1151 3885 lena,
1163 3827 1208 3876 ad.
1226 3824 1278 3877 lsra-

160 3891 211 3944 tan,
223 3879 274 3948 βγ.
299 3924 330 3932 ..
357 3883 505 3946 aromata,
521 3878 562 3936 da
578 3884 664 3948 (codd.
682 3887 774 3952 Turn.)
800 3889 944 3952 semridctc,
961 3894 985 3941 d.
1011 3887 1225 3957 scrnddnccfflr.
1245 3935 1279 3945 ..

157 3948 331 4013 ράεοίηιιηι,ᾱ.
354 3948 526 4016 pelicanum.
545 3994 577 4003 ..
603 3953 656 4016 liae,
669 3957 721 4006 Td.
748 3955 836 4016 lecca.
859 3955 1056 4021 inquinent.
1081 3999 1112 4009 ..
1134 3967 1279 4022 omassum,

162 4008 237 4067 θεὰ.
259 4014 445 4080 (stermonii.
464 4061 495 4069 ..
519 4028 606 4070 terram
618 4039 727 4086 nmquam
739 4023 771 4083 in,
783 4040 806 4074 a.
828 4032 916 4073 taram
928 4042 1048 4088 nunqnam
1060 4026 1093 4087 in,
1104 4028 1128 4077 d.
1153 4035 1280 4079 ramma

160 4099 208 4148 qno
219 4084 252 4145 in,
263 4081 292 4146 β.
310 4086 344 4134 V.
357 4087 489 4150 Theophr.
501 4089 519 4137 l.
531 4089 548 4137 l.
561 4090 635 4141 VIII.
649 4098 673 4152 8,
686 4098 709 4142 6.
722 4100 748 4142 st
758 4093 888 4142 Plutarch.
901 4102 997 4155 quaest.
1010 4109 1091 4158 symp.
1104 4093 1166 4144 VII.
1178 4101 1203 4157 2,
1216 4101 1243 4147 8.

193 4154 278 4216 §lto
304 4151 428 4215 nerano.
452 4155 525 4219 Here,
538 4171 560 4205 a.
582 4157 667 4219 Ainos,
678 4172 704 4222 γ.
723 4199 754 4208 ..
776 4159 876 4220 minime,
888 4161 921 4210 D.
940 4202 970 4210 ..
991 4160 1135 4225 ceruinam,
1148 4163 1173 4212 d.
1191 4202 1224 4212 -
1244 4163 1280 4225 id,

159 4233 182 4267 a.
200 4216 244 4280 ln,
257 4223 280 4269 d.
301 4262 330 4270 ..
350 4220 428 4281 inco,
440 4239 463 4272 a
482 4265 513 4273 ..
533 4223 629 4289 licmps,
641 4242 664 4276 a.
684 4266 714 4275 ..
733 4238 842 4289 aquosas,
854 4229 877 4277 d.
897 4269 927 4277 ..
947 4226 1014 4290 vitia,
1026 4244 1049 4278 a
1073 4224 1096 4278 ζ
1119 4228 1215 4293 lisera,
1227 4233 1253 4282 d.
1347 4244 1357 4255 “
