2754 4726
155 273 215 336 168
441 287 443 291 ·
504 282 709 333 uaruaams
732 282 926 330 mesonma

154 449 187 506 et
207 436 357 503 hebetare
380 456 493 501 sensus
515 434 723 512 existumata,
750 432 909 499 insomnia
934 454 1062 517 quoque
1083 433 1205 511 facere,
1232 433 1275 498 ab

153 541 232 606 haec
263 535 500 625 Pythagoricae
533 535 711 601 sententiae
739 534 909 612 damnata,
948 545 985 613 ut
1016 533 1071 599 alii
1103 534 1275 613 tradidere,

152 632 303 725 quoniam
316 647 514 705 mortuorum
533 636 658 702 animae
678 635 794 701 sintin
814 656 870 712 ea,
893 656 957 719 qua
978 633 1018 700 de
1040 657 1138 701 cauea
1158 658 1276 722 paren-

154 741 250 807 tando
270 740 383 823 utique
404 737 593 804 adsumitur.
624 736 731 808 Varro
753 746 785 803 et
806 735 848 802 ab
869 737 950 802 haec
969 735 1130 802 flaminem
1151 759 1191 803 ea
1211 755 1341 804 non11e

154 841 242 909 vesci
270 839 367 906 tradit
394 849 427 905 et
448 838 598 922 quoniam
624 838 658 902 in
689 837 767 903 flore
796 837 865 903 eius
892 837 1015 901 litterae
1041 836 1196 926 lugubres
1223 862 1276 904 re-

154 941 331 1028 periantur.
352 939 393 1005 In
414 940 528 1017 eadem
548 938 721 1026 peculiaris
742 938 872 1026 religi03
894 959 1032 1021 namque
1046 938 1154 1004 labam
1168 939 1278 1024 utique

155 1065 174 1108 e
195 1041 346 1130 frugibus
366 1041 490 1111 referre
511 1062 581 1106 mos
601 1051 651 1106 eet
672 1039 797 1124 auspici
816 1060 931 1117 cauea,
953 1059 1035 1122 quae
1049 1039 1122 1104 ideo
1136 1039 1278 1106 referiva

155 1144 347 1229 appellatur.
379 1140 427 1206 Et
453 1139 657 1207 auctionibus
685 1138 839 1233 adhibere
867 1161 939 1205 eam
963 1141 1126 1205 lucrosum
1151 1150 1279 1227 putant.

156 1242 234 1312 Sola
252 1252 339 1310 certe
358 1244 491 1330 frugum
510 1242 605 1308 etiam
623 1263 721 1308 exesa
738 1241 878 1328 repletur
897 1251 1062 1307 crescente
1080 1239 1157 1306 luna
1163 1265 1172 1318 3
1194 1263 1280 1326 aqua
1362 1306 1366 1311 .

155 1344 279 1409 marina
298 1343 399 1409 aliave
422 1345 506 1410 salsa
525 1364 589 1408 non
604 1335 821 1428 percoquitur.
845 1339 972 1407 Seritur
986 1350 1060 1407 ante
1073 1342 1279 1430 vergiliarum
1294 1359 1342 1405 120

156 1466 306 1514 occasum
326 1445 525 1533 leguminum
546 1444 667 1528 prima,
689 1458 727 1509 ut
747 1442 916 1509 antecedat
935 1443 1083 1509 hiemem
1112 1442 1280 1532 Vergilius

158 1568 230 1613 eam
260 1567 319 1632 per
350 1567 408 1610 ver
438 1545 501 1611 seri
539 1544 629 1610 iubet
662 1544 929 1630 circumpadanae
962 1543 1076 1610 Italiae
1108 1544 1188 1632 ritu,
1222 1544 1281 1611 sed

156 1649 258 1714 maior
277 1669 354 1734 pars
374 1647 495 1712 malunt
516 1645 636 1712 fabalia
655 1643 801 1711 maturae
823 1645 956 1725 sationis
977 1667 1075 1730 quam
1089 1642 1281 1712 trimestrem

158 1751 298 1816 fructum
304 1774 314 1827 3
337 1748 407 1814 eius
427 1769 565 1832 namque
585 1747 720 1832 siliquae
740 1747 913 1831 caulesque
933 1747 1115 1834 gratissimo
1133 1756 1209 1813 sunt
1220 1770 1280 1838 pa-

157 1850 233 1917 bulo
254 1848 372 1936 pecori.
404 1848 519 1933 Aquae
540 1849 575 1913 in
594 1848 674 1914 flore
695 1870 844 1914 maxume
865 1849 1081 1935 concupiscit,
1109 1845 1182 1914 cum
1204 1871 1282 1915 vero

131 1978 134 1983 ·
158 1950 320 2027 defloruit,
348 1949 483 2036 exiguas
505 1949 676 2015 desiderat.
711 1946 841 2026 Solum,
868 1950 901 2014 in
923 1972 987 2034 quo
1010 1959 1080 2015 sata
1100 1961 1166 2028 est,
1188 1950 1281 2015 laeti-

158 2053 236 2119 ficat
264 2051 413 2118 stercoris
440 2051 526 2126 vice3
555 2051 629 2116 ideo
656 2051 741 2116 circa
760 2049 987 2116 Macedoniam
1008 2049 1282 2134 Thessaliamque,

159 2176 233 2220 cum
263 2151 377 2218 florere
408 2150 528 2236 coepit,
562 2161 692 2215 vertunt
725 2174 812 2216 arva.
839 2149 991 2217 Nascitur
1023 2152 1055 2216 et
1084 2174 1143 2217 sua
1169 2161 1284 2237 sponte
1298 2165 1341 2211 111

64 2248 72 2259 ⁴
158 2254 319 2341 plerisque
340 2251 373 2316 iu
402 2251 497 2330 louis,
526 2251 609 2318 eicut
636 2251 897 2338 septentrionalis
923 2252 1035 2318 oceani
1061 2251 1174 2318 insulis
1202 2250 1284 2336 quai

159 2355 202 2422 ob
222 2354 258 2419 id
278 2351 379 2418 nostri
400 2351 556 2417 Fabarias
582 2352 759 2438 appellant,
788 2354 867 2418 item
894 2353 928 2416 in
956 2351 1160 2419 Mauretania
1186 2353 1284 2419 silve-

160 2456 235 2524 stris
255 2453 391 2540 passim,
415 2453 474 2518 sed
495 2453 655 2538 praedura
677 2462 709 2518 et
730 2476 811 2538 quae
830 2454 985 2540 percoqui
1004 2476 1068 2520 non
1083 2455 1194 2539 possit.
1216 2454 1284 2520 Na·

161 2557 262 2622 scitur
274 2555 309 2619 in
322 2554 477 2643 Aegypto
492 2554 624 2640 spinosa
638 2554 746 2634 caule,
768 2578 833 2640 qua
852 2556 895 2621 de
914 2577 1011 2620 cauea
1033 2554 1184 2640 crocodili
1204 2575 1285 2621 ocu·

159 2655 201 2722 lie
224 2657 371 2721 timentes
392 2655 565 2743 refugiunt.
597 2654 788 2743 Longitudo
815 2679 913 2742 scapo
933 2665 1085 2740 quattuor
1104 2655 1286 2722 cubitorum
1301 2671 1350 2715 122

161 2768 226 2838 eet,
249 2757 445 2844 amplissima
467 2757 647 2822 crassitudo
669 2757 780 2843 digiti,
802 2758 835 2822 in
858 2767 978 2834 totum,
1001 2758 1034 2821 ni
1056 2757 1205 2843 genicula
1226 2757 1286 2825 ab·

161 2868 284 2936 essent,
312 2858 398 2924 molli
420 2858 542 2924 calamo
570 2858 682 2924 similis
689 2882 698 2934 ;
728 2869 825 2944 caput
845 2858 1020 2946 papaveris
1048 2860 1153 2925 colore
1174 2880 1285 2934 roseo;

194 3027 238 3078 aed
251 3028 367 3092 hebetare,
379 3032 409 3082 Τ.
429 3072 460 3081 ..
484 3030 662 3097 Pythagoricae
677 3031 813 3092 secuntiae,
825 3035 870 3082 ad.
893 3031 1060 3098 Pymaqariw
1073 3024 1198 3092 eeatmab,
1210 3034 1286 3082 codd.

162 3097 219 3150 Gal.
230 3093 261 3158 β.
279 3138 310 3147 ..
327 3107 389 3160 aaut,
401 3101 475 3149 codd.
489 3099 546 3151 Gal.
565 3141 597 3150 ..
613 3097 765 3163 mentando
775 3099 870 3162 vilique,
883 3116 906 3149 a
921 3095 1037 3164 parenten
1049 3096 1180 3162 docuitque,
1191 3101 1216 3149 d.

195 3167 281 3226 §na
308 3167 378 3225 etob,
390 3181 413 3214 a.
431 3167 468 3226 ob,
482 3169 505 3216 d.
527 3207 553 3216 -
574 3184 587 3216 e
590 3165 714 3231 fntqtbue,
727 3169 800 3218 codd.
812 3168 926 3218 Barbari.
944 3174 968 3215 et
970 3165 1096 3231 stragibus,
1108 3170 1154 3217 ad.
1172 3206 1203 3217 ..
1222 3181 1286 3226 anca,

162 3231 209 3280 ad.
229 3270 259 3278 -
278 3231 390 3293 referiva,
406 3225 520 3282 OTadr.
544 3235 644 3297 refriva,
656 3236 725 3286 Fert.
738 3250 763 3298 p.
776 3238 834 3286 277.
847 3236 886 3285 ed.
898 3235 976 3284 Mull.
997 3233 1099 3298 resriaa,
1110 3230 1139 3295 β.
1160 3274 1191 3285 ..
1213 3231 1287 3282 adlei-

162 3298 285 3356 beraeam,
302 3290 399 3347 OTad.
418 3313 469 3345 eam
481 3298 598 3360 adhiberi,
608 3296 639 3359 β.

101 3358 103 3375 “
195 3366 280 3427 §lau
307 3371 334 3411 at
345 3361 474 3422 antecedat,
487 3380 509 3413 a.
533 3372 576 3414 aut
586 3363 712 3424 antecedit,
724 3369 748 3414 d.
768 3407 798 3416 ..
830 3367 949 3434 Vergilias
959 3382 1048 3432 georg.
1063 3375 1084 3430 l,
1098 3372 1155 3418 215.
1175 3406 1207 3416 ..
1223 3368 1287 3429 aare,

162 3448 185 3480 a.
205 3471 235 3479 -
254 3430 323 3491 maus,
336 3433 359 3479 d.
377 3470 408 3478 -
429 3429 525 3490 mavult,
538 3431 569 3481 K.
589 3471 620 3479 ..
643 3431 751 3491 rationu,
764 3449 786 3482 a.
806 3475 837 3484 -
852 3437 964 3496 fructum
975 3434 1159 3498 eiucfacmquc,
1170 3429 1200 3494 β.
1221 3432 1289 3484 Eius

162 3497 248 3561 atique,
260 3498 348 3548 Dalec.
367 3536 398 3546 .-
415 3495 559 3560 qratbeimc,
571 3513 594 3546 a.
611 3497 750 3560 cratissimi,
762 3516 781 3550 r.
798 3494 972 3571 qratbsimissss,
983 3506 1007 3552 d.
1027 3543 1059 3552 -
1076 3501 1168 3566 pabuli,
1179 3504 1242 3552 adr.
1254 3543 1287 3552 ..

163 3565 282 3630 conspicit,
294 3582 317 3615 a.
337 3605 367 3614 ..
387 3561 528 3626 defloruerit,
541 3565 594 3615 Td.
614 3605 645 3613 ..
664 3565 745 3628 coepit,
762 3560 862 3619 Orsa.
880 3569 973 3634 saraa,
984 3564 1014 3631 β.

197 3633 211 3694 ξ
226 3638 282 3684 121.
308 3630 471 3690 Mauritania,
483 3646 506 3680 a.
524 3631 668 3692 mauriama,
680 3635 717 3682 (1².
735 3636 863 3697 modtima,
873 3639 910 3687 d¹.
928 3679 959 3687 -
979 3636 1096 3688 Nectar
1106 3635 1138 3692 in,
1151 3651 1175 3684 a.
1193 3634 1287 3686 Nasci·

163 3701 279 3760 taretia,
292 3695 341 3760 ‹1ss.
365 3738 396 3747 ..
419 3696 546 3758 crocodili,
559 3716 582 3749 a.
607 3741 638 3749 ..
665 3699 745 3751 ccalb.
763 3703 794 3752 In
806 3707 962 3754 codaante
973 3705 1002 3754 h.
1011 3720 1034 3754 v.
1047 3706 1113 3753 duae
1126 3705 1235 3764 litterae,
1247 3705 1287 3754 uti

163 3783 200 3827 ac,
213 3781 306 3817 erasae.

197 3834 282 3895 §122
308 3834 400 3893 scabro,
413 3850 435 3883 a.
465 3875 495 3883 -
522 3833 599 3898 digiti,
617 3851 650 3886 ex
667 3838 799 3901 Theophr.
817 3838 876 3887 hist.
892 3840 972 3902 plaut.
989 3840 1037 3890 IV.
1056 3845 1080 3897 8,
1098 3840 1120 3887 7.
1137 3833 1242 3893 καυλὸς
1252 3835 1286 3886 δὲ

163 3899 247 3950 αὐτοῦ
262 3903 351 3965 μῆκος
359 3898 410 3961 μὲν
428 3898 626 3965 decapitare<
636 3900 679 3961 εἷς
694 3901 827 3968 τέτταρας
836 3901 941 3970 πήχεις,
954 3902 1043 3971 πάχος
1052 3903 1085 3954 δὲ
1098 3899 1283 3964 δακτυλιαῖος,

163 3971 276 4019 inserunt
293 3970 372 4019 Tum.
389 3972 445 4019 adv.
458 3977 499 4030 28,
513 3977 553 4021 42.
572 3979 598 4021 et
610 3971 729 4022 Schneid.
747 3974 779 4021 ad
795 3972 894 4022 Pellad.
911 3988 937 4036 p.
950 3980 1000 4035 88,
1013 3973 1095 4023 omitt
1107 3967 1232 4034 Tadssr.
1253 4013 1285 4022 -

163 4035 187 4084 in
201 4044 280 4096 totum,
289 4035 321 4097 ai,
331 4038 366 4086 ita
375 4051 423 4087 noe
432 4038 586 4101 scripsimus.
605 4038 772 4097 iatoai,'1'ad.
791 4037 848 4098 iata,
861 4031 889 4088 θ.
908 4038 940 4099 ai,
950 4041 1097 4092 Schneider.
1107 4041 1140 4090 ad
1149 4040 1285 4103 Theopbr.

163 4104 194 4153 T.
211 4103 259 4152 111.
276 4121 300 4167 p.
318 4109 375 4155 339.
393 4113 452 4169 post
468 4105 577 4156 Salmas.
594 4120 719 4168 exerc-p.
739 4111 796 4156 68⁰.
814 4106 839 4154 b.
857 4105 888 4157 G.
922 4123 976 4167 aee,
992 4104 1044 4171 βγ.
1072 4109 1113 4157 De
1129 4107 1154 4155 ia
1171 4113 1245 4155 atum
1262 4117 1286 4157 a

163 4172 196 4219 ad
208 4177 231 4231 2,
245 4176 285 4221 45.
297 4213 327 4221 ..
346 4173 458 4232 adereat,
471 4174 558 4233 Tura,
570 4173 677 4225 Salmas.
687 4172 841 4223 etSchncid.
851 4175 885 4223 ad
894 4175 1026 4239 Theophr.
1045 4175 1142 4233 maaet,
1152 4189 1175 4222 a.
1194 4172 1287 4224 babeas

163 4235 211 4299 sed,
225 4239 276 4290 Td.
295 4247 360 4301 esset,
377 4233 404 4289 θ.
423 4237 499 4300 habet,
510 4235 562 4304 βγ.
582 4280 612 4289 ..
631 4238 722 4301 similis,
736 4235 806 4290 dud.
824 4240 905 4303 casib,
918 4237 1003 4307 ssrad
1012 4257 1121 4306 sequena
1130 4242 1286 4294 vocabulum
