2754 4726
124 298 185 364 142
475 314 678 361 asrnasms
702 312 895 361 mercarer.

122 467 311 554 possideret.
354 464 566 530 Luxuriantis
586 465 651 529 iam
671 463 887 550 reipublicae
909 462 969 528 luit
989 463 1053 527 iste
1071 485 1243 543 mensura3
1258 484 1285 529 ra

121 565 214 632 Mani
240 566 371 650 quidem
397 564 477 631 Curi
503 579 578 652 post
610 565 790 663 tripmphos
815 565 1060 648 inmensumque
1087 577 1246 633 temtum

120 669 280 734 adiectum
305 667 430 752 inperio
447 680 524 732 nota
541 667 652 732 concio
673 677 722 731 est
742 665 958 752 perniciosum
975 665 1121 753 intellegi
1140 666 1246 734 civem

120 770 174 836 cni
201 783 324 855 septem
353 768 466 855 iugera
491 784 556 832 non
582 778 690 832 essent
715 766 806 831 satis.
848 765 941 831 Haec
962 780 1069 832 autem
1090 790 1245 835 mensura

120 870 225 957 plebei
239 880 313 954 post
332 878 460 935 exactos
473 888 569 956 reges
581 867 753 955 adsignata
765 877 824 932 est.
856 864 1028 947 Quaenam
1042 890 1122 955 ergo
1136 880 1245 935 tantae
1258 887 1286 933 re

119 971 278 1038 ubertatis
292 991 390 1035 eausa
407 970 497 1035 erati
517 968 668 1053 Ipsorum
686 980 765 1032 tnnc
783 967 932 1033 manibus
950 968 1170 1054 imperatorum
1187 992 1243 1037 cc·

119 1073 268 1139 labantur
294 1071 383 1159 agri,
415 1083 453 1136 nt
481 1070 532 1134 fas
557 1081 608 1134 est
635 1067 782 1146 credere,
815 1068 977 1155 gaudente
1002 1080 1089 1135 terra
1113 1092 1244 1138 vomere

119 1174 264 1239 laureato
285 1184 318 1237 et
340 1169 524 1256 triumphali
545 1180 685 1246 aratore,
715 1168 784 1234 sire
809 1168 856 1233 illi
878 1169 991 1234 eadem
1018 1192 1098 1237 cura
1118 1174 1244 1239 semina

120 1273 300 1340 tractabant
325 1293 391 1355 qna
416 1270 501 1337 bella
525 1270 703 1355 eademque
732 1268 898 1356 diligentia
925 1291 1004 1335 arva
1028 1271 1243 1359 disponebant

118 1394 183 1460 qua
202 1387 326 1451 castra,
350 1372 419 1438 sive
439 1371 583 1438 honestis
603 1369 752 1435 manibus
772 1370 880 1435 omnia
898 1370 1015 1436 laetius
1033 1374 1242 1457 preveniunt,

117 1476 269 1562 quoniam
288 1485 320 1540 et
337 1474 495 1539 nariodus
512 1472 605 1536 fiunt.
638 1469 806 1536 Serentem
818 1470 1009 1536 invenerunt
1022 1472 1089 1538 dati
1102 1470 1243 1545 bonores
1254 1492 1284 1537 ac

119 1575 309 1653 Serranum,
329 1574 417 1639 unde
436 1574 467 1639 ei
486 1583 518 1638 et
534 1594 722 1660 cognomen.
755 1572 874 1637 Aranti
893 1583 1044 1657 quattuor
1055 1576 1244 1664 suaingera

118 1678 153 1742 in
167 1676 326 1743 Vaticano
344 1696 426 1758 quae
446 1684 540 1760 prata
555 1672 690 1754 erintia
708 1673 911 1758 appellantur
925 1671 1117 1742 Cincinnato
1135 1678 1243 1744 viator

117 1777 225 1842 attulit
242 1776 435 1840 dictaturam
452 1772 646 1858 etquidem,
666 1783 703 1837 ut
717 1773 868 1853 traditur,
883 1775 969 1841 nudo
989 1775 1149 1862 plenoque
1166 1779 1242 1866 pul·

118 1879 204 1945 reris
214 1876 387 1943 etiamnum
399 1896 470 1952 cre3
485 1874 540 1940 cui
549 1874 663 1953 viator,
684 1875 778 1953 „vela
788 1878 939 1962 corpus'',
953 1876 1069 1962 inquit,
1089 1889 1150 1956 „ut
1163 1895 1240 1965 pm-

118 1981 218 2046 feram
235 1988 367 2044 senatus
385 1976 560 2064 populique
575 1975 713 2041 Romani
732 1976 914 2042 mandata.''
943 1977 1040 2043 Tales
1058 1988 1127 2043 tum
1143 1978 1241 2044 etiam

118 2081 259 2146 viatores
286 2089 394 2157 erent,
422 2078 510 2162 quod
535 2079 643 2163 ipsnm
669 2099 785 2142 nomen
811 2076 946 2158 inditum
971 2089 1022 2144 est
1048 2080 1187 2146 subinde
1207 2093 1241 2147 et

119 2203 161 2247 ex
187 2181 275 2266 agris
303 2189 449 2244 senatum
475 2177 640 2261 ducesque
661 2177 907 2244 arcessentibus.
951 2180 998 2244 At
1019 2202 1106 2247 nunc
1125 2181 1240 2247 eadem
1253 2197 1281 2243 st

117 2282 173 2349 illa
192 2279 293 2346 vincti
314 2279 429 2365 pedes,
457 2278 627 2343 damnatae
648 2301 763 2344 manus
783 2279 990 2367 inscriptique
1016 2282 1240 2349 voltus'exer-

117 2393 209 2460 cent,
232 2402 297 2445 non
319 2389 384 2444 tam
405 2379 505 2444 surda
525 2380 653 2458 tellure,
676 2401 759 2463 quae
780 2402 897 2467 parens
916 2382 1097 2468 appellatur
1110 2383 1241 2468 colique

117 2483 235 2548 dicitur
260 2483 333 2568 ipsa
357 2502 455 2566 opere
483 2480 525 2546 ab
551 2480 603 2546 his
630 2492 776 2567 sumpto,
803 2494 839 2546 ut
863 2505 927 2548 non
953 2484 1055 2549 invita
1074 2506 1115 2551 ea
1134 2495 1168 2550 et
1185 2468 1239 2551 in·

117 2584 272 2672 dignante
299 2582 450 2648 credatur
475 2581 511 2647 id
534 2582 614 2647 fieri.
650 2579 719 2647 Sed
747 2605 807 2647 nos
828 2585 980 2649 miramur
1000 2585 1240 2672 ergaemlcrum

116 2706 182 2749 non
203 2682 315 2749 cadem
335 2684 550 2748 emolumenta
570 2703 643 2747 esse
664 2703 747 2766 quae
768 2682 889 2748 fuerint
908 2684 1136 2771 inperatorem.

149 2877 220 2939 §ta
237 2873 403 2934 (ἄνωμὰ.
421 2912 453 2922 ...
473 2872 592 2935 cestius„
612 2912 642 2920 -
660 2876 853 2938 erectorepad.

151 2961 166 3022 §
181 2964 220 3009 19.
236 2956 375 3022 pandentes,
387 2973 410 3007 a

150 3042 219 3104 §20.
237 3040 372 3103 ((ηᾶεείσῆ
388 3034 416 3092 θ.
434 3039 503 3102 unde,
516 3034 608 3106 adssr.
628 3081 659 3089 ..
677 3039 854 3104 appellatur,a.
874 3085 905 3093 ..
926 3041 1068 3106 Qunam,
1081 3061 1105 3095 a.
1123 3087 1155 3097 ..
1174 3047 1239 3098 nudo

113 3109 267 3175 plenoque..
275 3126 326 3171 cre3
344 3111 447 3173 singule
461 3110 537 3160 buius
548 3109 698 3159 narrationis
709 3112 785 3160 rerba
796 3113 975 3162 confirmantur
985 3129 1002 3162 a
1012 3113 1086 3163 Livio
1099 3120 1123 3174 3,
1136 3118 1178 3165 26.
1202 3124 1237 3166 to·

115 3194 172 3241 pam
184 3193 286 3239 propere
302 3193 314 3224 e
329 3178 421 3240 lupario
430 3177 538 3240 preferre
553 3192 648 3225 uxorem
659 3175 782 3228 melum
793 3177 868 3240 iubet,
885 3194 935 3241 quo
945 3178 1016 3228 umal
1026 3181 1130 3229 absterso
1139 3180 1238 3244 pulum

117 3259 148 3291 aa
162 3240 247 3290 sudore
264 3240 354 3290 velatus
367 3244 489 3305 processit.
513 3244 616 3295 Gesner.
628 3246 726 3295 veroin
738 3247 872 3296 chrestum.
884 3247 950 3296 Plin.
965 3263 990 3311 p.
1004 3251 1060 3298 570.
1072 3256 1100 3298 et
1109 3249 1199 3299 chtn.
1209 3252 1237 3301 in

116 3309 191 3359 Iahn.
203 3322 278 3356 ncvv.
291 3309 386 3357 annall,
400 3314 440 3358 16.
452 3325 477 3372 p.
487 3316 544 3360 214.
557 3313 708 3360 adiectivum
720 3310 782 3360 nudo
793 3328 845 3362 non
857 3316 890 3363 ad
902 3329 942 3363 cre
952 3313 1119 3375 referendum,
1130 3317 1177 3366 sed
1188 3332 1236 3381 prc

117 3377 202 3427 deduc
217 3375 375 3433 habendum,
392 3384 422 3422 ut
437 3375 470 3423 ad
489 3373 627 3424 Maeote
642 3378 779 3438 pertineat,
798 3382 936 3430 docuerunt
952 3383 1011 3431 colb
1028 3382 1160 3432 Plutarch.
1176 3383 1237 3435 (lat.

116 3445 176 3493 mai.
189 3449 222 3503 3.,
238 3442 282 3490 ubi
299 3442 331 3490 de
342 3441 447 3490 Valerio
459 3442 553 3490 Flacco
565 3445 675 3502 quodam
687 3443 778 3494 Catoni
790 3449 890 3510 aequali
903 3449 1004 3499 dicitun
1026 3445 1132 3513 θέρους
1140 3445 1174 3498 δὲ
1186 3465 1233 3515 ru·

115 3507 187 3572 μνὸς
197 3503 386 3574 ἐργασάμενος
393 3501 464 3583 perd
476 3506 529 3555 τῶν
541 3503 662 3555 οἰκετῶν.
674 3510 741 3559 Hinc
750 3523 854 3576 apparet
861 3516 910 3565 Ed.
919 3517 1046 3566 Huschkii
1055 3516 1236 3580 coniecturam,

117 3579 160 3641 qni
176 3579 204 3627 in
218 3577 296 3626 libro:
314 3575 372 3623 tiber
387 3571 426 3621 dte
442 3571 516 3623 Stella
531 3570 573 3620 dee
590 3573 669 3624 Varro
685 3591 730 3624 von
745 3576 790 3626 den
804 3580 928 3631 Lt’cim'em
938 3599 964 3647 p.
977 3589 1017 3634 22,
1035 3598 1082 3646 pro
1094 3599 1135 3630 ore
1145 3584 1236 3649 legen.

117 3646 179 3695 dum
195 3659 249 3695 csse
263 3641 358 3691 boum
373 3642 488 3704 putabat,
506 3655 716 3702 supervacaneam
731 3648 852 3697 esse.·In
869 3651 943 3700 codd
959 3665 1019 3700 vcro
1034 3664 1080 3713 pro
1091 3651 1186 3712 verbis,
1203 3655 1237 3704 de

117 3713 209 3776 quibus
224 3712 315 3774 egitur,
328 3707 497 3781 prorsuselia
510 3708 609 3786 dantur,
626 3710 749 3773 siqnidem
761 3713 838 3766 habet
848 3732 933 3765 monas
943 3716 1004 3766 aedo
1011 3715 1139 3780 plenosque
1149 3718 1238 3770 nectua

115 3767 705 3906 demut
717 3780 1236 3849 tum
1253 3896 1260 3907 ,

115 3914 190 3964 Ded.
208 3952 241 3962 ..
260 3910 389 3974 perstrata,
405 3902 474 3961 θεὰ.
494 3908 688 3978 Μεταπβγ.
706 3916 740 3964 V.
752 3917 864 3968 Gronov.
877 3920 984 3969 edTac.
996 3920 1090 3969 annali.
1106 3925 1128 3980 1,
1140 3925 1182 3971 26.
1202 3962 1237 3973 ..

114 3987 138 4028 et
148 3996 185 4040 ex,
197 3997 220 4031 a
242 3993 280 4039 aa,
292 3977 344 4028 Τά.
363 4016 396 4027 ..
413 3978 592 4042 arcesceatibas,
604 3977 653 4030 Oa
671 3984 849 4046 arcersmubua
861 3987 886 4035 d.
904 3986 1082 4047 mesenates,
1092 3981 1122 4047 β.

148 4061 221 4122 §21-
242 4054 516 4140 t'nacm'ptr'quanss'l'ad.
543 4064 657 4128 inscripti,
674 4061 703 4127 β.
723 4107 754 4117 -
777 4075 833 4129 tum,
849 4062 1120 4133 Oad(codd.'1'urn)
1147 4077 1237 4136 mmm,

114 4123 164 4192 βγ.
184 4169 215 4178 ,.
237 4144 300 4193 (ρεα,
312 4131 336 4178 (1
362 4136 386 4176 et
401 4146 463 4193 epea,
480 4128 528 4193 ast.
546 4173 578 4182 -
606 4149 682 4196 opere,
699 4134 735 4184 ita
746 4150 793 4186 nos
804 4137 957 4200 scripsimus.
984 4136 1111 4199 benerae„
1137 4137 1236 4201 bonore,

115 4192 188 4260 ἁβγ.
201 4237 233 4246 ..
247 4197 278 4244 ab
290 4195 326 4245 bu
336 4205 436 4261 sumpto,
449 4191 477 4248 θ.
495 4198 533 4248 bia
544 4200 673 4264 absumpto,
685 4215 708 4251 a
727 4201 764 4250 bis
774 4201 904 4267 adsumpto,
914 4201 986 4270 dssr·
1005 4204 1065 4264 bisc,
1077 4222 1097 4256 r.
1115 4205 1238 4260 Graviter

115 4264 259 4326 indignatur
269 4265 335 4315 Plin.
348 4272 440 4317 terram
457 4267 505 4316 dici
522 4265 569 4316 coli
582 4283 650 4331 opere
666 4264 748 4332 (quod
760 4272 860 4334 proprie
871 4273 902 4322 de
913 4287 941 4323 re
951 4274 1045 4323 rustica
1057 4274 1105 4322 dici
1118 4272 1237 4338 consmt)
