2754 4726
123 64 165 129 94
472 77 676 126 surculus
697 75 893 126 msrosmn

121 231 229 298 fistula
255 229 414 296 sublatum
441 251 482 294 ex
508 229 580 294 alia.
612 228 653 295 In
678 229 748 295 licis
776 240 884 294 autem
911 240 946 293 et
966 227 1059 294 malis
1080 228 1161 294 haec
1180 228 1244 295 fuit

121 330 295 398 inoculatio
308 330 457 415 entiqua3
479 329 668 417 Vergiliana
686 329 812 414 quaerit
829 328 934 394 mum
946 329 981 393 in
995 329 1082 395 nodo
1094 352 1245 416 gemmas

121 432 249 520 expulsi
269 430 397 498 corticis
418 452 640 519 gemmamque
661 453 703 496 ex
723 429 786 495 alia
807 429 1086 496 arbore-includit.
1106 429 1243 498 Ethao-

121 547 215 600 tenus
240 544 356 599 natura
382 533 454 619 ipsa
481 531 604 611 docuit,
634 534 686 597 24.
708 530 894 597 insitionem
914 541 1022 597 autem
1043 554 1149 612 maus,
1171 555 1243 599 ma-

120 636 221 724 gister
242 634 324 699 alius
346 642 378 700 et
398 654 501 719 paene
522 632 732 712 numerosior,
755 633 903 699 adhunc
923 633 1065 698 modum.
1086 633 1244 720 Agricola
1258 651 1277 695 ιι

121 736 252 802 sedulus
272 756 381 801 casam
403 734 509 819 saepis
530 732 726 799 munimento
747 734 892 820 cingens,
913 733 1106 816 quominus
1127 746 1242 820 putre-

121 846 249 903 scerent
263 835 372 912 sudes,
393 834 491 900 limen
506 834 650 900 subdidit
664 857 706 899 ex
718 834 854 910 hedera3
876 834 997 899 stillae
1012 834 1118 900 vivaci
1130 856 1244 901 morsu

120 936 341 1024 adprehensae
363 957 456 1000 suam
478 958 519 1000 ex
540 934 644 1000 alieno
665 935 771 1001 fecere
792 934 892 1000 vitam
913 934 1127 1021 adparuitque
1146 945 1243 1001 trun-

120 1061 194 1104 cum
221 1059 293 1102 esse
320 1058 381 1122 pro
408 1046 504 1100 terra.
539 1035 697 1102 Aufertur
717 1058 797 1121 ergo
818 1058 908 1100 serra
928 1036 1104 1120 aequaliter
1124 1058 1242 1122 snper-

119 1136 220 1218 ficies,
239 1136 401 1224 levigatur
421 1137 505 1202 falce
527 1148 669 1202 truncus.
690 1136 787 1201 Ratio
805 1146 919 1222 postea
931 1137 1066 1223 duplex,
1089 1144 1123 1202 et
1135 1137 1243 1222 prima
1257 1152 1277 1196 n

118 1240 204 1305 inter
224 1238 375 1304 corticem
392 1237 579 1324 lignumque
598 1236 770 1303 inserendi.
794 1235 967 1301 Timebant
979 1235 1078 1322 prisci
1091 1246 1242 1303 huncum

118 1340 250 1419 findere,
272 1362 348 1405 mox
368 1338 509 1404 inforare
530 1337 602 1403 ausi
622 1337 729 1403 medio
749 1336 876 1423 ipsique
894 1337 931 1401 in
951 1359 990 1402 eo
1010 1337 1171 1403 medullae
1184 1360 1241 1404 oa-

118 1446 237 1512 lamum
249 1438 475 1526 inprimebam,
496 1460 597 1503 unum
617 1437 809 1515 inserentem
831 1459 935 1522 neque
956 1438 1043 1503 enim
1062 1437 1165 1526 pluris
1183 1461 1240 1505 ca·

118 1543 228 1631 piebat
249 1539 398 1605 medulla.
431 1535 589 1602 Subtilior
609 1547 723 1623 postea
743 1538 826 1602 ratio
846 1538 897 1604 vel
919 1561 1015 1605 senos
1034 1538 1128 1618 adici,
1151 1561 1241 1605 mor-

119 1642 234 1709 talitati
262 1663 371 1706 eorum
398 1650 430 1704 et
456 1659 589 1703 numero
617 1660 804 1704 succurrere
835 1661 1009 1724 persuasa,
1042 1662 1102 1725 per
1131 1640 1241 1705 media

118 1757 232 1810 trunco
252 1740 367 1808 leniter
387 1740 465 1805 fisso
483 1760 651 1823 cuneoque
673 1740 760 1804 tenui
780 1740 928 1805 fissuram
946 1740 1156 1819 custodiente,
1177 1741 1248 1827 do·-

118 1869 179 1912 nec
200 1843 391 1929 cuspidatim
413 1841 542 1907 decisus
563 1840 737 1905 descendat
757 1840 792 1906 in
812 1841 926 1907 rimam
947 1843 1098 1907 edamus.
1130 1841 1240 1909 Multa
1255 1856 1277 1902 u

118 1947 153 2011 in
166 1947 226 2012 hoc
241 1943 415 2018 servanda3
438 1942 578 2026 primum
591 1941 744 2019 omnium,
759 1963 841 2026 quae
854 1942 995 2028 patiatur
1008 1943 1127 2009 coitum
1140 1942 1240 2008 talem

117 2046 213 2112 arbor
235 2055 267 2109 et
287 2043 379 2110 cuius
399 2041 534 2108 arboris.
564 2040 665 2107 Varie
685 2064 813 2126 quoque
835 2053 868 2108 et
887 2065 953 2109 non
973 2038 1088 2109 iisdem
1108 2043 1144 2108 in
1164 2066 1240 2130 por·

118 2145 206 2211 tibus
228 2145 340 2210 subest
360 2141 509 2209 omnibus
530 2164 637 2208 sucus.
670 2142 802 2209 Vitibus
823 2143 955 2228 ficisque
976 2143 1082 2208 media
1103 2144 1240 2210 sicciore

118 2258 152 2313 et
173 2268 191 2311 e
213 2267 337 2311 summa
363 2255 457 2331 parte
486 2252 679 2328 conceptus3
712 2244 786 2310 ideo
811 2244 900 2311 illinc
926 2243 1045 2310 surculi
1071 2254 1239 2329 petuntur.

118 2347 211 2413 Oleis
232 2346 319 2411 circa
340 2344 447 2412 media
469 2367 576 2421 sucus,
605 2344 682 2411 inde
704 2357 736 2410 et
757 2345 877 2411 surculi
882 2369 892 2422 ;
925 2345 1092 2410 cucumim
1113 2346 1238 2412 sitiunt.

116 2446 493 2536 Facillimecoalescunt
521 2449 638 2532 quibus
667 2446 780 2514 eedem
801 2445 930 2511 corticis
952 2457 1068 2511 natura
1089 2468 1239 2531 quaeque
1254 2459 1277 2505 1(

115 2552 236 2638 pariter
255 2548 402 2614 florentie
422 2546 566 2613 eiusdem
586 2548 683 2614 horae
704 2546 927 2633 cognationem
947 2568 1169 2631 sucorumque*
1182 2570 1238 2613 oo·

117 2653 265 2718 dietatem
284 2649 414 2715 habent.
449 2647 556 2713 Lenta
580 2672 632 2714 res
658 2658 718 2726 est,
745 2645 893 2732 quotiens
913 2646 1032 2712 umidis
1052 2658 1240 2733 repugnant

118 2752 212 2831 sicca,
234 2750 384 2816 mollibus
406 2749 560 2816 corticum
582 2750 664 2814 duri.
697 2749 833 2833 Reliqua
854 2748 1035 2814 observatio
1056 2771 1098 2814 ne
1120 2748 1239 2814 fissura

151 2965 240 3018 autem
256 2973 303 3020 pro
314 2958 341 3006 h.
353 2973 376 3007 v.
387 2958 484 3008 habent
495 2956 538 3006 loc
549 2959 593 3008 ad.
612 2998 643 3007 ..
669 2953 810 3023 Vergilium
820 2969 908 3019 georg.
920 2961 943 3014 2,
958 2959 996 3005 78.
1017 2994 1044 3003 ..
1063 2953 1178 3019 penum,
1190 2956 1238 3006 ad.

116 3023 192 3073 cinam
202 3039 308 3086 parmae
318 3022 344 3070 in
355 3021 413 3071 nodi
422 3023 502 3084 mulsi,
513 3025 604 3074 Doleo.

151 3093 236 3154 5101.
263 3087 403 3148 alienasti.
422 3085 572 3153 aliermssy.
1074 3112 1078 3117 ·
1207 3134 1212 3147 ,

151 3161 237 3234 5107.
262 3155 376 3232 efferare,
388 3157 432 3205 ad
457 3156 575 3232 inperare,
590 3149 649 3216 81),
668 3160 735 3219 quod
752 3157 862 3237 praefert
874 3158 1126 3238 desnenuclrrostom.
1137 3171 1163 3220 p.
1177 3161 1236 3236 ooo.

116 3227 371 3352 {delati}
381 3219 1132 3356 {sset‚²l¹;⁰stts;tcsflnstt
1149 3221 1239 3288 ees

151 3359 238 3421 5103.
264 3355 364 3416 arsere,
377 3357 451 3407 Tad.
473 3355 566 3404 ανὸοηὶς
577 3354 689 3417 colemus,
700 3355 751 3420 βγ.
771 3399 802 3409 ..
825 3360 930 3422 sisoim
942 3363 987 3411 ad.
1004 3400 1036 3410 -
1059 3374 1080 3420 e,
1093 3372 1144 3408 om.
1158 3359 1184 3409 d
1203 3398 1236 3409 ..

116 3434 234 3490 conceptu,
246 3428 270 3476 d.
288 3465 320 3475 ..
338 3421 424 3484 media,
439 3416 489 3472 Oa.
507 3421 605 3483 medius,
618 3419 668 3483 dst.
687 3465 719 3474 ..
736 3425 843 3489 mle,
855 3445 878 3477 a.

151 3497 166 3557 5
181 3500 237 3544 104.
267 3489 439 3556 capuanensis,
456 3490 561 3541 Barbar.
589 3490 756 3556 qs‘qnctionen,
773 3496 818 3545 ad.
847 3492 1047 3559 permittentium,
1061 3487 1114 3555 βγ.
1145 3493 1188 3543 De
1208 3508 1237 3543 re

117 3575 141 3610 v.
150 3561 283 3624 Theophr.
294 3561 325 3608 de
334 3574 402 3608 esus.
411 3560 492 3621 plant
501 3557 522 3607 1.
533 3565 556 3619 6,
569 3566 592 3609 4.
606 3601 637 3610 ..
655 3558 743 3622 Lecta,
755 3563 845 3613 Tadr.
862 3561 943 3610 Lenta
953 3559 1023 3621 enim,
1033 3557 1084 3623 βγ.
1098 3599 1131 3610 ..
1143 3576 1182 3609 rea
1193 3568 1237 3622 ert,

117 3641 141 3676 s.
159 3643 205 3688 reo,
217 3631 257 3679 dr.
277 3666 308 3676 ..
327 3623 397 3685 dura,
408 3627 480 3676 Brot.
492 3641 525 3675 cx
537 3629 575 3677 ed.
588 3629 666 3691 pn'nc.
678 3641 703 3690 γ.
1237 3682 1240 3687 ,

135 3707 138 3715 ·
151 3694 166 3755 ξ
179 3700 236 3746 105.
260 3691 378 3757 Veryilius
388 3707 475 3756 georg.
489 3699 513 3754 2,
527 3698 566 3744 78.
584 3695 711 3760 Hypinius,
723 3696 790 3746 Pint.
804 3736 835 3745 ..
853 3694 1057 3754 ecacumiuead.
1076 3711 1173 3757 excae,
1182 3691 1236 3760 βγ.

118 3801 150 3810 ..
167 3763 198 3810 ab
210 3761 318 3820 lumen,
329 3762 374 3810 ad.
397 3761 479 3821 rame,
490 3761 523 3810 Κ.
547 3803 577 3810 .-
600 3761 712 3810 vetustati
721 3761 821 3819 ανὸονῶ,
833 3763 869 3812 ita
879 3778 928 3812 nos
939 3763 1094 3827 scripsimus.
1121 3770 1237 3812 vetustate

116 3829 216 3888 eure,
227 3830 262 3879 D.
289 3834 404 3876 vetustate
415 3827 539 3889 arboria
566 3837 668 3878 verteme
679 3824 853 3892 arbori,dssr.
879 3829 960 3881 Amat
969 3831 1037 3880 Plin.
1050 3830 1163 3881 Graecos
1175 3831 1237 3881 scri-

116 3904 200 3958 ptores
212 3898 323 3946 imitatus
336 3895 399 3945 tales
411 3895 656 3956 circumlocutiones,
667 3905 697 3945 ut
707 3897 838 3959 genetivus
850 3911 921 3948 cesus
933 3899 1090 3948 substantivo
1103 3900 1237 3962 appositus

115 3963 233 4014 adiectivi
244 3963 443 4027 vioe-fungatur3
454 3964 492 4013 ita
502 3963 568 4013 dixit
579 3961 765 4025 leonense-itas
778 3968 801 4023 7,
814 3962 1016 4028 5.,fllinepietas‚
1030 3970 1052 4026 7,
1065 3971 1130 4027 121,
1141 3972 1236 4015 umecta

115 4028 192 4079 codem
206 4038 230 4094 8,
245 4038 309 4094 188,
327 4031 471 4080 erucem
483 4029 593 4080 nobilitas
605 4035 645 4092 28,
658 4034 707 4092 67,
725 4028 836 4081 nobilitas
845 4030 957 4097 Philippi
968 4038 992 4093 9,
1006 4034 1072 4090 170,
1091 4033 1236 4098 peremtum

129 4304 1277 4666 ι...-
