2754 4726
128 72 169 136 68
479 85 682 134 utrumuis
704 86 898 156 maroniae

127 262 214 304 mum
236 249 296 316 est,
317 238 458 326 graviter
479 237 638 321 increpuit
658 237 737 301 tanti
758 258 923 302 censorem
942 234 1097 313 habitare,
1119 241 1164 301 ᾗ.
1187 259 1249 323 pro

127 341 221 406 domo
249 339 319 404 eius
345 338 519 403 identidem
545 337 749 423 promittens,
783 348 815 401 et
844 332 999 414 Crassus,
1031 345 1067 400 ut
1092 360 1250 423 praesens

127 440 255 529 ingenio
276 462 411 526 semper,
433 450 470 503 nt
491 439 595 504 faceto
616 439 727 523 lepore
749 437 870 516 sollers,
893 438 1043 503 addicere
1063 461 1097 503 se
1110 461 1249 524 respon·

126 541 174 605 dit
194 542 337 626 exceptis
358 560 416 604 sex
443 536 621 604 arboribus.
658 538 710 602 Ac
736 559 777 602 ne
804 559 869 601 uno
896 537 1026 620 quidem
1047 537 1189 617 denario,
1219 537 1278 605 sis

125 642 357 719 adimerentur,
387 648 526 726 emptam
552 638 678 703 volente
705 638 864 716 Domitio,
893 636 1043 716 Crassus,
1072 649 1250 719 „utrumne

124 742 224 829 igitur
246 765 307 830 ego
328 743 432 818 sum'',
454 739 568 824 inquit,
591 761 744 822 „quaeso,
765 737 900 816 Domiti,
917 739 1064 824 exemplo
1084 738 1193 827 gravis
1215 750 1249 806 et

125 843 167 908 ab
188 842 261 928 ipsa
281 864 354 906 mea
375 863 510 906 censura
532 839 691 905 notandus
714 841 769 924 qui
790 840 886 905 domo
915 862 997 922 quae
1018 840 1096 904 mihi
1116 839 1248 906 heredi-

127 952 191 1006 tate
214 940 345 1007 obvenit
367 941 565 1007 conmuniter
586 939 737 1019 habitem,
766 963 808 1005 an
830 940 940 1024 tuqui
961 963 1019 1006 sex
1040 939 1169 1006 arbores
1189 963 1248 1007 ae-

127 1054 246 1108 stumes
259 1044 364 1108 rw
397 1039 467 1107 Eae
489 1042 579 1107 fuere
599 1042 685 1107 lotoe
707 1041 817 1127 patula
837 1063 998 1106 ramorum
1019 1042 1177 1127 opacitate
1197 1042 1277 1106 la·s

127 1145 248 1222 scivae,
284 1141 421 1209 Caecina
448 1141 561 1231 Largo
587 1165 605 1206 e
632 1142 818 1227 proceribus
844 1141 955 1207 crebro
982 1142 1111 1207 iuventa
1136 1153 1249 1208 nostra

126 1266 181 1309 eas
202 1243 235 1308 in
258 1244 351 1309 domo
374 1266 432 1308 sua
453 1253 648 1321 ostentante,
678 1242 947 1325 duraveruntque,
972 1242 1121 1325 quoniam
1150 1255 1182 1308 et
1197 1245 1249 1310 de

124 1345 313 1433 longissimo
335 1368 414 1410 aevo
437 1345 585 1410 arborum
607 1344 757 1421 diximus,
784 1343 826 1406 ad
846 1341 986 1407 Neronis
1012 1343 1167 1430 principis
1192 1346 1247 1410 in-

126 1446 240 1511 cendia
275 1446 391 1530 quibus
420 1446 573 1510 cremavit
598 1442 712 1507 urbem
739 1443 829 1507 annis
858 1465 969 1506 cnxxx
996 1455 1121 1529 postea,
1156 1446 1248 1510 cultu

126 1547 246 1612 virides
267 1547 473 1631 iuvenesque,
496 1546 529 1609 ni
551 1545 702 1631 princeps
723 1544 777 1610 ille
799 1544 1012 1609 adcelerasset
1032 1544 1128 1608 etiam
1149 1545 1246 1611 arbo-

125 1670 197 1712 rum
224 1659 368 1713 mortem.
405 1648 457 1712 Ac
483 1669 525 1711 ne
551 1646 624 1729 quis
653 1646 749 1711 vilem
777 1645 818 1710 de
845 1659 951 1711 cetero
981 1643 1090 1711 Crassi
1116 1646 1277 1713 domums

126 1748 267 1833 nihilque
288 1733 322 1813 in
345 1772 383 1814 ea
405 1748 552 1837 iurgante
568 1747 711 1813 Domitio
733 1747 831 1812 fuisse
853 1746 1023 1811 dicendum
1045 1760 1171 1833 praeter
1191 1771 1248 1813 ar·

126 1849 220 1915 bores
248 1851 385 1928 iudicet,
419 1849 484 1913 iam
518 1850 681 1914 columnas
712 1860 864 1931 quattuor
890 1847 1049 1932 Hymettii
1076 1851 1248 1917 marmoris

126 1950 298 2016 aedilitatis
319 1950 424 2036 gratia
438 1948 480 2013 ad
496 1971 646 2014 scaenam
660 1949 834 2013 ornandam
847 1948 997 2014 advectas
1019 1950 1053 2013 in
1073 1951 1154 2016 atrio
1175 1950 1248 2016 eius

126 2047 240 2115 domus
263 2061 429 2128 statuerat,
459 2073 531 2115 cum
559 2049 592 2113 in
614 2050 742 2135 publico
764 2050 905 2114 nondum
928 2062 1035 2115 essent
1055 2051 1138 2116 ullae
1159 2074 1248 2115 mar-

127 2174 265 2217 moreae.
288 2151 371 2216 Tam
391 2173 503 2215 recens
526 2162 577 2215 est
597 2150 760 2236 opulentia
783 2161 932 2233 tantoque
954 2163 1029 2217 tunc
1051 2152 1123 2236 plus
1143 2150 1247 2218 hono·

126 2252 172 2316 ris
193 2250 323 2317 arbores
347 2251 495 2317 domibus
517 2251 712 2328 adserebant,
734 2263 770 2315 ut
792 2253 860 2317 sine
879 2252 941 2316 illis
955 2275 997 2316 ne
1010 2251 1248 2316 inimicitiarum

127 2350 257 2434 quidem
278 2354 417 2438 pretium
439 2352 615 2418 servaverit
627 2352 801 2417 Domitius.
822 2352 931 2418 Fuere
945 2352 986 2417 ab
1007 2353 1048 2417 iis
1070 2363 1102 2417 et
1124 2367 1276 2438 cogno-7

129 2452 217 2518 mina
243 2453 398 2539 antiquis:
429 2452 597 2520 Fronditio
626 2453 718 2518 militi
744 2454 790 2519 illi
822 2454 878 2537 qui
913 2454 1076 2539 praeclara
1102 2453 1248 2519 facinora

127 2552 320 2620 Volturnum
343 2567 546 2620 transnatans
567 2555 679 2620 fronde
702 2555 799 2640 capiti
818 2554 956 2640 inposita
977 2555 1130 2620 adversus
1148 2553 1247 2619 Han-

126 2653 266 2721 nibalem
288 2657 406 2721 edidit:
438 2653 607 2721 Stolonum
627 2655 773 2720 Liciniae
800 2656 907 2741 genti3
935 2656 979 2719 ita
1006 2656 1183 2742 appellatur
1209 2655 1246 2720 in

126 2753 206 2840 ipsis
227 2756 394 2824 arboribus
415 2756 577 2822 fruticatio
598 2755 729 2834 inutilis,
753 2756 837 2821 unde
860 2768 892 2820 et
905 2757 1100 2843 pampinatio
1114 2757 1247 2822 inventa

127 2857 230 2942 primo
254 2855 377 2924 Stoloni
398 2859 487 2925 dedit
508 2881 635 2924 nomen.
672 2856 751 2922 Fuit
778 2868 810 2920 et
837 2857 986 2922 arborum
1014 2881 1091 2923 cura
1116 2857 1246 2946 legibus

152 2993 218 3071 HS„
229 3011 266 3062 ita
276 3026 324 3062 noa
336 3013 487 3077 scripsimus.
506 3015 549 3075 hia,
561 3017 586 3065 d.
599 3015 626 3077 ie,
639 3031 661 3064 a.
674 3006 733 3082 issia
742 3017 776 3066 D.
795 3015 884 3067 Omitt.
894 3010 944 3079 βγ.
955 3057 986 3064 -
996 3014 1051 3076 eius,
1060 3016 1114 3065 Da
1133 3014 1183 3062 eiua
1193 3030 1246 3064 aaa·

128 3076 228 3138 tertiam,
241 3073 312 3129 θΤᾱ
324 3076 393 3140 (cod.
405 3083 594 3144 antiquissimus
606 3097 646 3145 ap.
658 3084 724 3131 Bud.
738 3085 769 3132 de
786 3098 842 3132 asse
859 3099 884 3146 p.
897 3080 968 3145 351.)
990 3082 1039 3131 eiua
1049 3081 1177 3130 soracum
1188 3081 1245 3133 ma-

128 3142 177 3207 lias,
188 3140 218 3205 β.
236 3144 285 3193 eine
295 3146 425 3194 sertertium
436 3148 551 3212 serapias,
562 3150 662 3197 Broter.
675 3164 708 3197 ex
719 3150 807 3198 Valer.
819 3152 889 3199 Max.
902 3150 949 3200 IX.
962 3157 984 3209 1,
993 3157 1016 3200 4.
1034 3152 1076 3200 Ex
1084 3144 1245 3214 'optimorum

127 3213 202 3262 codd.
218 3213 341 3276 scriptura
356 3222 461 3278 apparet
476 3215 599 3278 pecuniae
616 3230 741 3263 summam
758 3232 774 3264 a
789 3217 875 3266 Plinio
896 3218 1134 3281 superimpositam
1151 3224 1246 3280 postea

127 3294 188 3330 caan
199 3282 226 3330 in
237 3281 324 3332 locum
336 3281 481 3330 inferiorem
493 3281 621 3344 migrasse.
634 3321 665 3329 -
684 3281 806 3343 utfccato,
817 3284 862 3332 ad.
880 3283 998 3347 etsoceto,
1009 3280 1060 3347 βγ.
1073 3325 1104 3334 ..
1123 3282 1244 3346 addim

126 3347 192 3397 'lad
204 3344 274 3411 (cod.
286 3345 366 3410 Bnd.)
383 3346 513 3410 concedere,
525 3365 545 3398 r.
564 3388 595 3396 ..
614 3347 762 3412 respondens,
775 3351 810 3399 a¹.

160 3417 212 3479 54.
238 3415 312 3478 quiec,
325 3432 348 3468 a.
372 3411 404 3469 ..J
428 3415 506 3480 pravi,
517 3415 551 3466 K.
570 3455 601 3465 -
624 3413 698 3477 domo,
711 3419 754 3466 ad.
776 3415 950 3483 iodemostr.
969 3461 999 3469 -
1024 3416 1155 3478 hereditati,
1166 3413 1192 3468 a.
1209 3459 1243 3469 -

127 3481 285 3543 commonitor,
296 3501 316 3534 r.
342 3481 445 3544 comiter,
458 3500 481 3532 a.
503 3481 605 3541 comiter,
621 3478 692 3546 ἀβγ.
718 3485 797 3535 Recte
814 3486 865 3537 iam
880 3487 969 3537 Dalec.
985 3488 1152 3537 lectionem‘a
1167 3486 1245 3538 nobis

127 3557 277 3626 receptam
272 3551 396 3614 explicuit
412 3549 544 3612 „communi
557 3557 580 3598 et
591 3549 705 3614 popabrri
719 3550 857 3603 modestia.’'
879 3594 910 3604 ,
937 3571 969 3602 an
983 3553 1100 3616 tapeta
1127 3551 1244 3616 antiquis,
1283 3547 1289 3559 ‘

127 3632 152 3681 d.
170 3674 203 3684 ..
224 3632 288 3695 Hs,
300 3635 337 3685 ita
347 3649 395 3685 nos
407 3636 559 3698 scripsimus.
580 3636 689 3685 Restitui
701 3638 767 3686 hanc
779 3647 866 3688 notam
878 3653 912 3687 ex
921 3638 1004 3701 prima
1015 3652 1077 3687 voce
1088 3639 1244 3701 paragraphi

126 3701 264 3763 sequentis,
279 3703 362 3766 qualis
379 3718 410 3752 ea
425 3702 451 3750 in
468 3702 569 3765 optimis
585 3705 659 3754 codd.
677 3713 771 3767 castate
788 3706 871 3768 aptius
888 3707 963 3755 etiam
980 3713 1005 3755 et
1016 3705 1129 3756 acerbius
1141 3719 1172 3753 ea
1182 3705 1243 3757 h.l.

125 3766 228 3830 legitur,
245 3783 330 3832 quam,
343 3770 387 3819 nbi
398 3771 529 3834 hucusque
541 3765 609 3835 (βγ)
621 3773 758 3834 legebatur,
775 3781 835 3835 post
851 3788 883 3821 aa
896 3780 920 3820 ta
932 3771 984 3835 qai3
1001 3774 1035 3823 ibi
1050 3774 1146 3822 scilicet
1156 3779 1244 3821 auter-

125 3831 185 3916 tiuas
196 3835 275 3917 habat
287 3839 318 3897 Τ,
340 3836 470 3886 restabam
485 3836 570 3886 millies
585 3833 615 3899 β,
637 3838 767 3887 sestertium
782 3839 892 3903 serapiae
907 3854 932 3903 γ.
959 3841 997 3890 At
1011 3840 1077 3889 nihil
1092 3840 1186 3889 horum
1202 3841 1243 3890 iu.

121 3910 224 4031 mdlblr
234 3906 336 4032 ¹Illabdd.
358 3970 435 4032 Haec,
446 3974 499 4023 Da
519 4012 551 4022 ..
572 3966 637 4032 btoe,
649 3974 707 4022 ad„
721 3971 786 4031 lotoe,
798 3988 817 4021 r.
840 3971 888 4032 loti,
898 3968 949 4037 βγ.
969 4015 1000 4022 -
1019 3990 1039 4037 e,
1055 3976 1138 4025 omitt.
1149 3988 1168 4039 γ
1178 3975 1243 4026 vitio

113 4050 267 4100 operarum.
293 4079 326 4090 ..
352 4039 460 4103 iuventa,
480 4041 525 4090 ad.
551 4038 703 4100 ieiunante,
723 4034 773 4103 βγ.
795 4080 826 4090 ..
852 4037 956 4090 dirimas
976 4047 1020 4101 lt,
1041 4048 1091 4093 284
1112 4058 1181 4107 seqq.
1208 4083 1242 4092 -

145 4304 503 4654 L
623 4485 1289 4654 ......·-
