2754 4726
329 305 398 353 are.
413 306 484 352 xvr.
514 304 592 355 een.
608 266 750 354 vni-x.
781 304 878 353 sacr.
896 307 976 350 ran.
1167 287 1206 350 11

93 456 232 520 minume
265 455 385 520 durans
411 465 634 540 praeterquam
660 478 678 519 e
705 455 789 542 pino.
834 452 996 520 Scanduln
1030 462 1206 518 contectam
1285 464 1289 474 “

93 555 195 620 fluisse
232 547 367 620 Romam
404 554 501 638 Pyrri
544 576 647 639 usque
687 555 729 619 ad
773 553 891 620 bellum
929 553 1020 618 annis
1059 573 1205 618 ceccaxx

93 652 264 720 Cornelius
284 655 394 741 Nepos
420 665 530 720 auctor
556 668 614 721 est.
652 652 812 720 Silvarum
840 665 925 740 certe
951 653 1209 739 distinguebatur
1221 670 1253 718 at

92 755 291 840 insignibus:
318 754 471 841 Fagutali
498 755 570 821 Iovi
593 755 689 821 etiam
715 778 802 820 nunc
823 753 879 819 ubi
899 752 992 819 lucus
1012 754 1126 839 fageus
1147 751 1210 817 fuit

92 867 189 942 porta
209 855 473 940 querquetularia,
497 856 586 935 colle,
607 855 641 920 in
663 879 758 940 quem
779 855 899 921 vimina
920 855 1118 941 petebantur,
1146 863 1208 918 tot·

92 979 157 1040 que
182 956 278 1034 lucis,
307 955 499 1040 quibusdam
528 968 561 1021 et
586 957 734 1042 geminis.
772 955 814 1037 Q.
841 955 1038 1021 Hortensius
1065 954 1212 1030 dictator,

93 1080 168 1122 oum
189 1055 282 1143 plebs
296 1057 488 1122 secessisset
507 1056 542 1121 in
560 1056 749 1135 Ianiculum,
771 1057 877 1145 legem
898 1057 932 1121 in
951 1055 1110 1121 aesculeto
1138 1053 1211 1118 tulit

92 1166 132 1222 ut
150 1157 237 1240 quod
259 1179 297 1222 ea
317 1157 462 1223 iussisset
482 1157 586 1223 omnis
607 1155 746 1238 Quiritis
768 1169 899 1223 teneret.

139 1258 189 1321 16.
221 1256 414 1341 Peregrinae
442 1266 510 1321 tum
530 1256 736 1337 videbantur,
764 1257 915 1342 quoniam
934 1280 998 1323 non
1020 1265 1112 1320 erant
1132 1253 1210 1321 sub·
1222 1271 1263 1327 aa.

93 1355 253 1434 urbanae,
283 1356 379 1442 pinus
405 1366 502 1440 atquc
529 1355 619 1422 abies
639 1378 811 1441 omnesque
833 1380 915 1441 quae
936 1357 1040 1442 picem
1061 1356 1210 1442 gignunt,

93 1457 136 1522 de
159 1456 275 1541 quibus
296 1478 383 1520 nunc
404 1456 557 1533 dicemus,
580 1457 675 1521 simul
695 1468 733 1522 ut
752 1468 819 1522 tota
839 1456 1008 1523 condiendi
1027 1457 1102 1520 vina
1120 1457 1212 1544 origo

94 1568 320 1643 cognoscatur.
343 1554 437 1638 Quae
458 1558 576 1623 ferrent
596 1559 630 1622 in
643 1558 726 1623 Asia
747 1568 801 1623 aut
822 1559 943 1624 oriente
965 1557 1140 1643 praedietis
1159 1557 1212 1644 pi·

94 1681 177 1735 cem,
199 1656 233 1722 in
248 1656 381 1744 Europa
400 1680 457 1722 sex
478 1680 597 1743 genera
618 1670 828 1744 cognatarum
850 1659 1001 1724 arborum
1022 1657 1143 1733 ferunt3
1171 1680 1214 1723 ex

94 1758 146 1823 his
173 1757 271 1843 pinus
286 1767 394 1841 ‘atque
420 1756 564 1843 pinaster
589 1757 700 1841 folium
728 1758 852 1830 ¹habeut
881 1757 1096 1844 capillamenti
1115 1757 1213 1823 modo

94 1867 270 1943 praetenue
290 1858 485 1943 longumque
508 1866 540 1922 et
560 1879 711 1923 mucrone
731 1860 917 1925 aculeatum.
945 1858 1048 1923 Pinus
1069 1858 1132 1922 lert
1152 1857 1213 1921 mi·

95 1980 229 2023 numum
249 1959 384 2036 resinae,
406 1957 566 2022 interdum
590 1968 622 2022 et
641 1958 778 2023 nucibus
791 1959 883 2042 ipsis,
905 1958 1078 2042 dequibus
1092 1957 1214 2023 dietum

96 2071 157 2137 est,
179 2058 297 2142 vixque
318 2071 356 2123 ut
377 2057 579 2123 adscribatur
598 2057 720 2146 generi.

139 2159 191 2224 lt.
213 2158 363 2224 Pinaster
383 2158 463 2222 nihil
483 2171 533 2223 est
553 2159 640 2224 aliud
658 2181 754 2243 quam
768 2159 865 2244 pinus
880 2159 1033 2224 silvestris
1047 2157 1128 2222 mira
1141 2158 1215 2222 alti·
1227 2174 1260 2220 es

94 2258 207 2324 tudine
229 2269 262 2324 et
282 2280 302 2323 a
323 2258 428 2325 medio
449 2281 576 2325 ramosa
596 2259 678 2325 sicut
704 2260 801 2345 pinus
821 2261 855 2324 in
876 2259 1007 2325 vertice.
1044 2257 1215 2346 Copiosio·

94 2381 166 2423 rem
187 2359 242 2423 dat
269 2358 348 2424 haec
374 2359 513 2424 resinam
539 2382 603 2443 quo
631 2360 774 2425 dicemus
801 2360 905 2426 modo.
943 2357 1097 2446 Grignitur
1123 2370 1156 2424 et
1181 2360 1216 2424 iu

94 2459 213 2545 plenis.
245 2458 387 2525 Easdem
413 2459 544 2525 arbores
571 2460 632 2525 alio
658 2461 786 2525 nomine
812 2483 882 2526 esse
909 2482 968 2547 per
993 2482 1080 2525 oram
1101 2459 1216 2525 Italiae

95 2582 179 2644 quos
197 2558 318 2625 tibulos
338 2571 456 2625 vocant
476 2561 621 2645 plerique
642 2561 847 2639 arbitrantur,
871 2561 929 2626 sed
943 2561 1072 2647 gracilis
1087 2560 1214 2625 succin-

96 2658 277 2745 ctioresque
298 2669 330 2725 et
351 2660 463 2726 enodis
483 2659 710 2726 liburnicarum
731 2661 772 2726 ad
794 2684 883 2739 usus,
898 2683 999 2747 paene
1016 2661 1085 2726 sine
1098 2660 1215 2725 resina.

93 2793 235 2860 praedietis,
247 2800 292 2848 ad.
319 2797 484 2863 apraedictta
499 2801 605 2850 Barbar.
620 2795 671 2863 βγ.
697 2801 813 2864 Expulsa
829 2803 915 2866 inepta
930 2801 1133 2865 interpolatione,
1150 2813 1216 2860 quac

97 2864 222 2913 editiones
239 2867 356 2929 vulgatas
373 2868 483 2929 obsedit,
504 2867 620 2919 codicum
636 2867 782 2931 scripturam
800 2871 955 2920 restituimus
975 2871 1010 2918 ita
1027 2865 1216 2928 explicandam:

97 2929 165 2980 Cum
183 2945 247 2994 quae
265 2935 366 2983 arbores
382 2935 409 2982 in
425 2935 491 2985 Asia
505 2942 550 2984 ant
567 2935 664 2984 oriente
679 2936 760 2997 picem
776 2935 871 2984 ferrent
886 2951 902 2984 a
918 2935 990 2983 nobis
1007 2934 1057 2982 sint
1074 2931 1216 2995 praedictae

97 2997 154 3059 (14,
169 3003 225 3047 122.
240 2998 319 3062 lata),
336 3002 364 3049 in
374 3004 479 3066 Europa
494 3017 540 3052 sex
555 3017 648 3064 genera
664 3002 756 3052 ferunt.
778 3003 893 3050 Verbum
905 3008 989 3049 autem
997 2996 1137 3064 praedicere
1148 3003 1216 3063 apud

97 3064 206 3115 sonores
215 3067 350 3131 scriptores
357 3083 410 3117 non
419 3084 476 3118 raro
485 3070 551 3118 idem
561 3075 606 3127 est,
616 3072 682 3131 quod
692 3083 768 3130 snpra
777 3065 853 3116 dicem
862 3065 1012 3128 (Ruhnken.
1022 3066 1127 3115 adVell.
1134 3071 1215 3128 2,21.,

96 3132 217 3182 Bennell.
229 3134 281 3182 lex.
300 3134 406 3197 Quintil.
419 3152 438 3185 s.
450 3136 477 3185 b.
488 3150 512 3184 v.
524 3151 549 3199 p.
559 3133 639 3196 ost),
651 3143 677 3183 et
687 3137 741 3197 ipse
752 3134 818 3183 Plin.
826 3148 880 3182 non
888 3135 966 3182 semel
974 3134 1134 3198 perticipium
1143 3150 1215 3198 prue-

98 3195 223 3248 1111111111
234 3203 375 3265 usurpavit3
386 3217 410 3250 v.
422 3205 455 3252 ad
467 3209 508 3260 et,
522 3207 578 3252 136.
600 3201 670 3250 Inter
686 3200 798 3263 protasia
809 3215 885 3264 porro
898 3209 923 3250 et
934 3201 1058 3264 apoduein
1070 3202 1165 3252 excidit
1175 3203 1215 3251 lo-

98 3265 167 3314 cutio
180 3268 360 3330 parenthetica,
370 3285 421 3332 que
432 3269 531 3332 prdprie
543 3268 661 3318 transitus
672 3268 704 3316 ab
716 3268 796 3317 altera
807 3269 841 3317 ad
852 3267 958 3318 alteram
970 3278 1024 3319 erat
1034 3269 1176 3327 faciundas,
1187 3277 1217 3317 nt

99 3331 153 3382 fere
165 3342 244 3384 esset:
256 3335 307 3384 iam
318 3337 370 3385 boc
381 3337 455 3395 addo,
467 3336 516 3384 boe
528 3337 779 3384 commemorandum
790 3343 874 3385 restat.
892 3336 928 3386 Ut
939 3351 972 3386 ex
984 3337 1040 3386 aliis
1052 3336 1216 3399 scriptoribus

99 3401 219 3463 exempla
230 3401 280 3450 huc
292 3403 445 3465 pertinentia
456 3418 508 3452 non
521 3401 633 3462 afferam,
645 3403 698 3466 ipse
706 3403 773 3452 Plin.
783 3403 910 3453 simillime
919 3404 983 3453 dixit
994 3408 1033 3460 16,
1044 3409 1100 3453 106.
1117 3400 1215 3450 Interim

99 3481 163 3528 qnae
174 3475 228 3514 artat
239 3470 368 3518 communic
379 3478 403 3516 et
409 3469 487 3532 pomae
498 3469 645 3533 ambobusque
656 3469 737 3531 mette,
752 3486 862 3533 ceperum
872 3486 961 3533 persero
971 3467 1050 3520 XIII
1056 3469 1216 3532 reperientem

102 3538 144 3592 16,
153 3538 211 3583 234.
230 3535 315 3584 Verum
328 3552 357 3584 cx
366 3535 410 3598 tis,
420 3552 479 3599 quus
488 3536 600 3585 memorio
608 3535 724 3585 bominem
734 3534 841 3599 custodit,
854 3535 942 3585 durent
950 3536 975 3584 in
983 3535 1216 3585 Liternino-,satae

100 3596 193 3662 olivum
204 3607 246 3662 at,
259 3608 299 3652 86.
316 3601 352 3651 Et
363 3603 473 3666 quonium
482 3602 558 3667 plura
566 3603 769 3668 penercfecimns,
781 3602 962 3653 ilic-urinum
972 3611 1058 3664 movet3
1071 3609 1112 3664 28,
1122 3609 1163 3653 24.
1181 3601 1218 3650 Et

100 3667 211 3728 menam
221 3669 313 3732 scorpio
324 3668 452 3730 admonuit,
464 3670 489 3719 t'n
499 3669 589 3734 Afrt'cn
599 3687 666 3719 nemo
675 3670 776 3720 1111111111
787 3669 882 3733 aliquid
886 3690 893 3733 3
905 3675 946 3731 32,
959 3677 1015 3721 108.
1033 3670 1103 3720 Haec
1115 3677 1155 3731 est,
1168 3686 1217 3732 quo

100 3730 204 3783 (1121111111
216 3733 304 3799 lippam
312 3736 393 3800 polim',
406 3738 463 3800 quin
474 3746 496 3786 et
507 3755 520 3787 e
531 3737 596 3786 muri
597 3737 705 3802 fabriles
716 3754 770 3786 usus
782 3745 873 3786 exeam.
893 3737 994 3788 Nomen
1005 3753 1064 3787 vcro
1072 3737 1148 3800 picem
1160 3752 1215 3800 per-

100 3815 206 3851 suasum
217 3803 280 3852 mihi
293 3812 331 3854 est
345 3804 451 3855 librariis
469 3807 560 3866 deberi,
575 3821 633 3854 cum
644 3806 707 3854 illud
719 3805 838 3854 facillime
850 3805 1059 3868 exsuperioribus
1068 3805 1147 3868 repeti
1158 3819 1216 3867 pos·

100 3867 135 3917 sit
147 3875 172 3917 et
182 3869 210 3919 h.
221 3870 239 3919 1
251 3884 354 3932 prorsus
365 3872 478 3936 ineptum
490 3873 578 3921 locum
589 3881 685 3933 teneat;
703 3887 735 3921 ue
752 3872 808 3935 quis
819 3886 878 3920 vero
889 3872 953 3921 illud
966 3874 998 3921 ad
1010 3871 1142 3936 sequentia
1151 3871 1216 3920 rele-

100 3942 148 3996 rat,
159 3936 196 3985 ita
206 3944 235 3985 ut
245 3953 261 3985 a
271 3938 439 4000 verbosorum
450 3941 482 3990 sit
493 3948 589 4004 aptum,
601 3939 706 4001 impedit
714 3939 764 3988 boc
774 3953 850 3988 causa
861 3939 993 3999 rhetorica,
1005 3940 1064 4004 quia
1074 3940 1112 3988 vis
1124 3937 1216 3987 oratio-

99 4002 141 4053 nis
153 4003 180 4052 iu
190 4018 230 4052 vv.
242 4002 267 4050 t'n
278 4002 380 4068 Europe
391 4006 464 4056 inest
482 4048 513 4057 ..
537 4005 692 4069 reputarem,
703 4006 736 4054 K.
754 4045 785 4054 ..
809 4003 853 4064 ta,
865 4022 888 4055 a.
911 4003 948 4066 iis,
961 4008 977 4055 d
981 4000 1003 4066 β
1006 4020 1031 4070 γ.
1051 4047 1081 4056 -
1101 4003 1217 4069 pinaster,

100 4085 123 4118 a.
141 4069 254 4131 plaustri,
269 4063 319 4120 dd.
339 4112 370 4120 ..
393 4071 479 4122 dictum
492 4080 526 4121 est
539 4077 578 4133 15,
591 4078 631 4122 et.
651 4112 681 4120 -
706 4071 797 4135 uirque,
814 4064 929 4122 OTadr.
948 4073 995 4132 vir,
1006 4068 1036 4134 β.

135 4138 151 4200 ξ
163 4141 205 4187 89.
234 4145 269 4185 eat
279 4136 354 4198 uliud,
367 4141 411 4189 ad.
428 4138 498 4189 alind
507 4147 548 4200 est,
559 4135 609 4203 βγ.
623 4179 654 4188 -
671 4137 742 4202 pinna
753 4138 868 4200 11111111,
880 4140 911 4189 Τ.
929 4179 960 4189 ..
978 4137 1007 4187 de
1018 4155 1071 4202 quo,
1084 4155 1108 4188 a.
1120 4136 1149 4186 de
1160 4153 1216 4200 pac,

99 4220 119 4252 r.
140 4243 172 4253 ..
191 4201 319 4266 (1111111118
333 4210 364 4256 66
377 4221 428 4269 seq.
448 4248 479 4256 -
497 4205 540 4255 sed
550 4205 605 4267 clio,
617 4207 705 4257 Dolet.
724 4246 756 4257 ..
775 4203 901 4268 11111111.
918 4205 1023 4268 erecte,
1034 4222 1057 4255 a.
1074 4203 1184 4266 stabulet,
1196 4219 1215 4258 r.

99 4269 334 4333 rnotiloaBarbcr.
1182 4307 1188 4313 -
