2754 4726
395 315 464 365 ara.
480 314 555 365 x1x.
585 316 663 363 can.
679 317 712 361 v.
744 315 841 363 sacr.
857 317 939 361 aaa.
1165 300 1226 365 259

106 471 255 558 phylinos
277 465 404 536 Graece
433 468 564 547 dieitur3
593 468 728 534 alterum
757 466 874 532 seritur
899 466 1007 533 radice
1035 466 1087 534 vel
1108 467 1229 533 semine

106 595 181 639 vere
202 571 307 658 primo
329 569 381 635 vel
403 580 571 647 autumno,
594 580 630 633 ut
652 567 787 656 Hygino
808 568 922 653 placet,
943 566 1131 649 Februario,
1154 566 1228 634 Au-

105 683 215 760 gusto,
239 669 432 758 Septembri,
449 667 596 748 Octobri,
619 670 686 735 solo
709 691 806 754 qnam
828 667 980 734 altissime
1000 668 1134 736 refosso.
1155 668 1228 736 An·
1243 687 1274 734 ss

105 774 213 840 nicula
234 773 322 838 utilis
344 793 415 837 esse
436 771 569 856 incipit,
594 770 682 837 bima
703 769 825 849 utilior,
852 769 973 856 gratior
994 779 1148 838 autumno
1170 793 1230 858 pa·

107 875 246 959 tinisque
273 895 439 949 maxume3
469 881 503 938 et
531 871 577 939 sic
602 893 731 957 quoque
752 869 841 935 virus
869 869 1075 937 intractabile
1100 870 1145 937 illi
1172 886 1231 940 est.

107 973 281 1041 Hibiscum
303 997 323 1038 a
343 974 510 1060 pastinaca
530 973 711 1060 gracilitate
734 971 847 1050 distat,
875 971 1064 1037 damnatum
1094 972 1129 1041 in
1151 973 1232 1040 cibis

107 1075 167 1140 sed
193 1074 371 1140 medicinae
398 1073 483 1140 utile.
519 1072 581 1139 Est
601 1084 635 1140 et
655 1083 807 1157 quartum
828 1094 933 1160 genus
953 1073 988 1139 in
1009 1072 1122 1139 eadem
1142 1073 1232 1139 simi·

105 1175 239 1241 litudine
269 1175 455 1261 pastinacae
494 1196 593 1260 quam
624 1173 726 1239 nostri
761 1170 920 1240 Gallicam
951 1183 1083 1254 vocant,
1113 1170 1232 1242 Gracci

106 1299 184 1342 vero
206 1277 347 1354 dauoon,
370 1276 462 1342 cuius
484 1274 724 1363 generastiam
745 1284 896 1360 quattuor
916 1273 1036 1354 fecere,
1057 1275 1142 1342 inter
1163 1296 1232 1343 me·

107 1377 180 1442 dica
201 1377 384 1442 dicendum.
439 1406 445 1417 ·

151 1479 202 1543 28.
232 1476 321 1544 Siser
348 1489 380 1544 et
407 1478 514 1564 ipsum
537 1477 689 1545 Tiberius
710 1477 863 1563 princeps
883 1476 1062 1544 nobilitavit
1081 1478 1233 1567 flagitans
1245 1489 1279 1535 ⁹0
1333 1482 1336 1487 ’

106 1573 254 1643 omnibus
281 1579 373 1644 annis
402 1601 442 1644 ex
466 1577 653 1644 Germania.
689 1574 841 1643 Gelduba
863 1578 1045 1664 appellatur
1067 1579 1233 1644 castellum

106 1677 221 1744 Rheno
243 1679 430 1764 inpositum,
452 1678 509 1746 ubi
530 1679 730 1766 generositas
751 1678 935 1764 praecipua,
958 1701 999 1745 ex
1020 1700 1084 1763 quo
1097 1679 1233 1765 adparet

104 1779 233 1866 frigidis
254 1779 334 1844 locis
356 1779 537 1845 convenire.
558 1779 649 1844 Inest
669 1778 870 1864 longitndine
891 1801 1008 1845 nervos
1019 1778 1075 1865 qui
1089 1777 1232 1847 decoctis

105 1878 300 1956 extrahitur,
333 1878 559 1943 amaritudinis
589 1890 696 1943 tamen
729 1900 848 1964 magna
880 1888 972 1963 parte
1006 1879 1117 1946 relicta
1149 1901 1232 1964 quae

103 1978 210 2043 mulso
231 1979 265 2042 in
287 1978 368 2045 cibis
390 1987 566 2064 temperata
587 1979 684 2044 etiam
704 1978 738 2043 in
765 1979 901 2066 gratiam
924 1980 1069 2044 vertitur.
1103 1977 1232 2046 Nervos

104 2081 192 2145 idem
214 2090 247 2145 et
267 2079 454 2165 pastinacae
474 2079 598 2158 maiori,
620 2078 786 2147 dumtaxat
809 2079 985 2147 anniculae.
1010 2077 1128 2147 Siseris
1143 2092 1232 2148 satus

104 2180 272 2248 mensibus
293 2179 488 2260 Februario,
517 2178 655 2260 Martio,
682 2179 806 2267 Aprili,
836 2180 1007 2268 Augusto,
1035 2179 1231 2269 Septembri,

107 2280 252 2349 Octobri.

149 2385 201 2448 29.
232 2382 369 2448 Brevior
394 2381 446 2448 his
473 2391 523 2448 est
548 2382 582 2448 et
603 2382 740 2450 torosior
766 2383 966 2469 amariorque
994 2386 1083 2451 inula
1110 2407 1170 2470 per
1196 2407 1230 2450 se
1244 2395 1273 2442 ⁹1

106 2484 269 2549 stomacho
295 2482 534 2562 inimicissima,
561 2483 674 2549 eadem
701 2484 851 2550 dulcibus
876 2485 987 2551 mixtis
1013 2485 1230 2552 saluberrima

108 2582 262 2649 Pluribus
284 2583 390 2650 modis
402 2582 601 2649 ¹austeritate
622 2583 709 2648 victa
729 2583 867 2670 gratiam
888 2584 1026 2662 invenit3
1047 2606 1185 2670 namque
1199 2595 1232 2651 et

106 2684 143 2749 in
170 2684 322 2771 pollinem
351 2683 497 2749 tunditur
524 2683 615 2748 arida
639 2683 826 2769 liquidoque
849 2683 935 2750 dulci
956 2694 1167 2770 temperatur,
1199 2696 1231 2749 et

107 2785 240 2851 decocta
261 2807 360 2871 posca
382 2794 437 2850 aut
459 2783 630 2850 adservata
651 2784 703 2849 vel
723 2793 883 2850 macerata
901 2785 1049 2871 pluribus
1070 2785 1176 2852 modis
1198 2796 1231 2851 et

107 2897 184 2951 tnnc
204 2886 306 2950 mixta
327 2885 455 2950 defruto
476 2895 532 2951 aut
554 2883 689 2950 subacta
710 2884 803 2950 melle
824 2883 937 2952 uvisve
958 2885 1065 2972 passis
1085 2896 1141 2951 aut
1154 2887 1229 2972 pin-

107 2987 226 3074 guibus
251 2986 406 3070 caryotis3
436 2986 499 3052 alio
526 3007 640 3052 rursus
661 2984 758 3052 modo
779 2985 920 3052 cotoneis
941 2985 1034 3052 malis
1054 2985 1106 3053 vel
1119 2987 1230 3075 sorbis

107 3208 155 3243 nos
171 3193 315 3256 scripsimus
332 3207 366 3242 ex
381 3191 519 3271 Appuleio,
539 3192 584 3255 qui
600 3188 722 3269 maclam
738 3192 824 3252 habet,
844 3192 889 3242 ubi
904 3191 989 3271 littera
1005 3199 1120 3243 extrema
1135 3200 1160 3243 et
1170 3208 1229 3257 pars

107 3261 280 3324 praecedentis
295 3275 329 3309 ex
344 3273 462 3321 proxima
477 3272 541 3308 voce
557 3272 685 3306 maumam
697 3267 737 3309 ost
747 3265 811 3310 orta
836 3273 888 3308 cam
900 3266 954 3323 ate,
964 3255 1075 3324 acdfir.
1098 3301 1131 3311 ..
1155 3268 1229 3322 wios,

107 3342 151 3377 ac.
168 3333 241 3387 ratos,
253 3329 277 3376 d.
294 3334 370 3386 satas,
381 3325 478 3390 Appul.
966 3354 969 3360 ·

143 3408 211 3471 §Bu
237 3409 308 3458 etaiam
319 3408 423 3457 amasias
434 3407 611 3471 almarico,
623 3423 645 3460 c.
667 3450 698 3460 -
725 3409 816 3474 sapori,
833 3413 898 3462 scd.
921 3451 952 3461 ..
979 3427 1037 3471 esse,
1054 3413 1120 3462 aad.
1146 3410 1228 3472 inemo,

107 3473 160 3542 βγ.
179 3518 210 3526 ..
228 3476 272 3537 lais,
284 3478 348 3527 aed.
367 3474 405 3535 iis,
416 3471 468 3539 βγ.
486 3516 518 3526 ..
537 3475 647 3542 mas,
659 3492 701 3527 ac.
719 3517 751 3528 ..
773 3477 923 3556 staplpla'acs
937 3477 1030 3545 Graece
1040 3476 1136 3539 dicitur,
1148 3479 1228 3529 omitt

108 3545 201 3594 Taed.
214 3584 245 3593 ..
262 3542 363 3592 alteram
375 3541 467 3594 Graece
479 3542 575 3606 mica,
587 3559 629 3594 ac
647 3542 746 3594 asnaa
759 3544 877 3596 croam
892 3544 988 3608 acritar,
1001 3547 1054 3596 Τὰ.
1071 3546 1229 3596 Adverbinm

111 3611 204 3662 Graece
224 3618 312 3675 postea
327 3610 507 3674 interpolatum
523 3612 550 3661 in
569 3611 691 3663 Graeciae
705 3614 827 3664 remansit
842 3628 876 3663 ex
892 3614 974 3664 verbis
991 3613 1170 3677 superioribus.
1196 3653 1228 3662 -

108 3695 163 3727 vere
170 3678 258 3742 primo,
269 3680 333 3727 acd.
350 3677 428 3741 primo
439 3692 500 3740 vere,
510 3672 563 3742 βγ.

142 3763 211 3823 ξ89.
236 3760 410 3824 potiusquam
422 3761 564 3823 maximat.
586 3803 618 3812 -
643 3762 685 3824 uis,
697 3779 717 3813 r.
735 3805 767 3813 ..
793 3761 1078 3823 mucctcbilcilliacd.
1104 3762 1229 3811 illiiatra.

108 3826 201 3888 ctabs'lc,
212 3823 264 3891 βγ.
282 3827 320 3877 illi
329 3827 494 3888 intractabilis,
506 3845 526 3879 r.
545 3870 576 3879 ..
594 3837 650 3891 strat,
661 3830 759 3894 Appul.
778 3871 809 3880 ..
826 3830 951 3895 pallecam,
963 3831 1059 3893 Appul.
1079 3871 1109 3880 -
1128 3829 1228 3892 daurom

107 3896 214 3946 Barbar.
231 3894 336 3956 claaooa,
346 3912 367 3945 a
387 3894 496 3957 mecum,
505 3912 527 3947 c.
544 3895 658 3959 claamm,
667 3899 691 3947 d.
709 3896 828 3960 idoneum,
838 3897 933 3963 Appul.
945 3896 1200 3963 dcaoiqeaeraetiam,
1210 3915 1229 3947 r.

143 3977 211 4038 §90.
238 3995 267 4027 cx
284 3978 424 4040 Germanic,
436 3980 532 4045 Appul.
555 3980 721 4043 chrrrrcas'o,
734 3976 785 4046 θγ.
807 3997 825 4029 c
839 3981 978 4042 Germania,
991 3976 1082 4041 acdss.
1106 4022 1137 4030 ..
1160 3998 1229 4044 quae,

108 4047 199 4176 aph-pi:
210 4045 339 4176 {piapmffa
344 4045 447 4164 elilim,
459 4049 525 4098 aod,
547 4047 615 4101 saa
626 4047 670 4111 aa,
682 4065 701 4099 r·.
727 4047 823 4110 atara,
835 4051 908 4100 codd.
921 4049 978 4102 Gel.
997 4090 1027 4098 ..
1050 4048 1145 4110 scitur,
1157 4065 1176 4099 r.
1197 4090 1228 4098 -

144 4196 212 4257 §9L
238 4205 315 4260 estat,
327 4201 407 4248 acdr.
425 4196 514 4246 cstscd
531 4194 583 4264 βγ.
595 4240 627 4249 ..
645 4196 756 4260 baalia,
771 4192 801 4250 θ.
819 4239 849 4248 ..
868 4197 1166 4261 columnata-mixta,
1178 4215 1228 4248 orn.

109 4280 128 4312 r.
149 4305 179 4315 ..
197 4265 306 4327 carectis,
319 4267 365 4316 ad.
383 4265 487 4327 cercone,
525 4302 530 4316 .
549 4265 689 4329 arrectiac.
706 4264 800 4326 carica,
811 4268 845 4316 Κ.
1008 4331 1025 4365 *
