<?xml version="1.0" encoding="UTF-8"?>
<!DOCTYPE html PUBLIC "-//W3C//DTD XHTML 1.0 Transitional//EN"
    "http://www.w3.org/TR/xhtml1/DTD/xhtml1-transitional.dtd">
<html xmlns="http://www.w3.org/1999/xhtml" xml:lang="en" lang="en">
 <head>
  <title>
</title>
<meta http-equiv="Content-Type" content="text/html;charset=utf-8" />
  <meta name='ocr-system' content='tesseract 3.04.00' />
  <meta name='ocr-capabilities' content='ocr_page ocr_carea ocr_par ocr_line ocrx_word'/>
</head>
<body>
  <div class='ocr_page' id='page_1' title='image "./cplinisecundina02grongoog_0151.png"; bbox 0 0 2754 4726; ppageno 0'>
   <div class='ocr_carea' id='block_1_1' title="bbox 120 305 892 398">
    <p class='ocr_par' dir='ltr' id='par_1_1' title="bbox 120 305 892 398">
     <span class='ocr_line' id='line_1_1' title="bbox 120 305 892 398; baseline -0.009 -28"><span class='ocrx_word' id='word_1_1' title='bbox 120 305 182 370; x_wconf 83' lang='lat'><strong>140</strong></span> <span class='ocrx_word' id='word_1_2' title='bbox 471 316 676 398; x_wconf 75' lang='lat' dir='ltr'><strong>asrunsnrs</strong></span> <span class='ocrx_word' id='word_1_3' title='bbox 696 314 892 365; x_wconf 74' lang='lat' dir='ltr'><strong>nrsnoman</strong></span> 
     </span>
    </p>
   </div>
   <div class='ocr_carea' id='block_1_2' title="bbox 54 461 1285 1959">
    <p class='ocr_par' dir='ltr' id='par_1_2' title="bbox 54 461 1285 1959">
     <span class='ocr_line' id='line_1_2' title="bbox 119 461 1285 557; baseline -0.008 -19"><span class='ocrx_word' id='word_1_4' title='bbox 119 469 322 557; x_wconf 75' lang='lat' dir='ltr'><strong>Cognomina</strong></span> <span class='ocrx_word' id='word_1_5' title='bbox 350 469 446 535; x_wconf 86' lang='lat' dir='ltr'><strong>etiam</strong></span> <span class='ocrx_word' id='word_1_6' title='bbox 473 468 576 555; x_wconf 88' lang='lat' dir='ltr'><strong>prima</strong></span> <span class='ocrx_word' id='word_1_7' title='bbox 601 467 689 544; x_wconf 89' lang='lat' dir='ltr'><strong>inde,</strong></span> <span class='ocrx_word' id='word_1_8' title='bbox 717 465 858 531; x_wconf 88' lang='lat' dir='ltr'><strong>Pilumni</strong></span> <span class='ocrx_word' id='word_1_9' title='bbox 885 464 941 549; x_wconf 90' lang='lat' dir='ltr'><strong>qui</strong></span> <span class='ocrx_word' id='word_1_10' title='bbox 967 464 1067 549; x_wconf 91' lang='lat' dir='ltr'><strong>pilum</strong></span> <span class='ocrx_word' id='word_1_11' title='bbox 1094 461 1241 550; x_wconf 87' lang='lat' dir='ltr'><strong>pistrinis</strong></span> <span class='ocrx_word' id='word_1_12' title='bbox 1256 478 1285 529; x_wconf 80' lang='lat' dir='ltr'><strong>lo</strong></span> 
     </span>
     <span class='ocr_line' id='line_1_3' title="bbox 118 565 1241 654; baseline -0.003 -20"><span class='ocrx_word' id='word_1_13' title='bbox 118 571 298 648; x_wconf 88' lang='lat' dir='ltr'><strong>invenerat,</strong></span> <span class='ocrx_word' id='word_1_14' title='bbox 326 569 456 636; x_wconf 89' lang='lat' dir='ltr'><strong>Pisonis</strong></span> <span class='ocrx_word' id='word_1_15' title='bbox 482 592 511 634; x_wconf 87' lang='lat' dir='ltr'><strong>a</strong></span> <span class='ocrx_word' id='word_1_16' title='bbox 527 567 677 654; x_wconf 83' lang='lat' dir='ltr'><strong>pisendo,</strong></span> <span class='ocrx_word' id='word_1_17' title='bbox 704 567 771 631; x_wconf 91' lang='lat' dir='ltr'><strong>iam</strong></span> <span class='ocrx_word' id='word_1_18' title='bbox 797 566 987 644; x_wconf 75' lang='lat' dir='ltr'><strong>Fabiorum,</strong></span> <span class='ocrx_word' id='word_1_19' title='bbox 1014 565 1241 643; x_wconf 83' lang='lat' dir='ltr'><strong>Lentulorum,</strong></span> 
     </span>
     <span class='ocr_line' id='line_1_4' title="bbox 54 665 1240 755; baseline -0.003 -20"><span class='ocrx_word' id='word_1_20' title='bbox 54 729 57 735; x_wconf 93' lang='grc'><em>,</em></span> <span class='ocrx_word' id='word_1_21' title='bbox 119 668 322 749; x_wconf 89' lang='lat' dir='ltr'><strong>Ciceronum,</strong></span> <span class='ocrx_word' id='word_1_22' title='bbox 344 680 381 735; x_wconf 87' lang='lat' dir='ltr'><strong>ut</strong></span> <span class='ocrx_word' id='word_1_23' title='bbox 402 670 538 754; x_wconf 90' lang='lat' dir='ltr'><strong>quisque</strong></span> <span class='ocrx_word' id='word_1_24' title='bbox 559 668 689 752; x_wconf 75' lang='lat' dir='ltr'><strong>aliquod</strong></span> <span class='ocrx_word' id='word_1_25' title='bbox 703 678 832 752; x_wconf 90' lang='lat' dir='ltr'><strong>optume</strong></span> <span class='ocrx_word' id='word_1_26' title='bbox 846 689 949 755; x_wconf 85' lang='lat' dir='ltr'><strong>genus</strong></span> <span class='ocrx_word' id='word_1_27' title='bbox 965 677 1104 744; x_wconf 84' lang='lat' dir='ltr'><strong>sereret3</strong></span> <span class='ocrx_word' id='word_1_28' title='bbox 1126 665 1240 732; x_wconf 89' lang='lat' dir='ltr'><strong>Iunio-</strong></span> 
     </span>
     <span class='ocr_line' id='line_1_5' title="bbox 118 766 1241 852; baseline -0.003 -17"><span class='ocrx_word' id='word_1_29' title='bbox 118 793 190 835; x_wconf 90' lang='lat' dir='ltr'><strong>rum</strong></span> <span class='ocrx_word' id='word_1_30' title='bbox 211 770 350 836; x_wconf 84' lang='lat' dir='ltr'><strong>familias</strong></span> <span class='ocrx_word' id='word_1_31' title='bbox 372 766 554 836; x_wconf 90' lang='lat' dir='ltr'><strong>Bubulcum</strong></span> <span class='ocrx_word' id='word_1_32' title='bbox 574 767 779 833; x_wconf 86' lang='lat' dir='ltr'><strong>nominarunt</strong></span> <span class='ocrx_word' id='word_1_33' title='bbox 799 767 859 851; x_wconf 90' lang='lat' dir='ltr'><strong>qui</strong></span> <span class='ocrx_word' id='word_1_34' title='bbox 886 766 992 833; x_wconf 84' lang='lat' dir='ltr'><strong>bubus</strong></span> <span class='ocrx_word' id='word_1_35' title='bbox 1014 777 1146 852; x_wconf 91' lang='lat' dir='ltr'><strong>optume</strong></span> <span class='ocrx_word' id='word_1_36' title='bbox 1166 778 1241 832; x_wconf 86' lang='lat' dir='ltr'><strong>uts-</strong></span> 
     </span>
     <span class='ocr_line' id='line_1_6' title="bbox 118 867 1240 954; baseline -0.002 -19"><span class='ocrx_word' id='word_1_37' title='bbox 118 869 224 936; x_wconf 86' lang='lat' dir='ltr'><strong>batur.</strong></span> <span class='ocrx_word' id='word_1_38' title='bbox 248 869 337 951; x_wconf 83' lang='lat' dir='ltr'><strong>Quin</strong></span> <span class='ocrx_word' id='word_1_39' title='bbox 358 880 391 935; x_wconf 86' lang='lat' dir='ltr'><strong>et</strong></span> <span class='ocrx_word' id='word_1_40' title='bbox 410 870 446 936; x_wconf 92' lang='lat' dir='ltr'><strong>in</strong></span> <span class='ocrx_word' id='word_1_41' title='bbox 467 868 568 936; x_wconf 89' lang='lat' dir='ltr'><strong>sacris</strong></span> <span class='ocrx_word' id='word_1_42' title='bbox 588 867 668 934; x_wconf 90' lang='lat' dir='ltr'><strong>nihil</strong></span> <span class='ocrx_word' id='word_1_43' title='bbox 689 867 872 954; x_wconf 75' lang='lat' dir='ltr'><strong>religiosius</strong></span> <span class='ocrx_word' id='word_1_44' title='bbox 892 867 1152 933; x_wconf 77' lang='lat' dir='ltr'><strong>confarreationis</strong></span> <span class='ocrx_word' id='word_1_45' title='bbox 1166 867 1240 933; x_wconf 85' lang='lat' dir='ltr'><strong>vin-</strong></span> 
     </span>
     <span class='ocr_line' id='line_1_7' title="bbox 117 967 1282 1055; baseline -0.003 -20"><span class='ocrx_word' id='word_1_46' title='bbox 117 971 191 1035; x_wconf 89' lang='lat' dir='ltr'><strong>culo</strong></span> <span class='ocrx_word' id='word_1_47' title='bbox 217 981 301 1049; x_wconf 88' lang='lat' dir='ltr'><strong>erat,</strong></span> <span class='ocrx_word' id='word_1_48' title='bbox 327 992 494 1055; x_wconf 87' lang='lat' dir='ltr'><strong>novaeque</strong></span> <span class='ocrx_word' id='word_1_49' title='bbox 520 981 641 1055; x_wconf 87' lang='lat' dir='ltr'><strong>nuptae</strong></span> <span class='ocrx_word' id='word_1_50' title='bbox 668 968 809 1034; x_wconf 87' lang='lat' dir='ltr'><strong>farreum</strong></span> <span class='ocrx_word' id='word_1_51' title='bbox 834 967 1069 1053; x_wconf 84' lang='lat' dir='ltr'><strong>praeferebant.</strong></span> <span class='ocrx_word' id='word_1_52' title='bbox 1109 968 1239 1054; x_wconf 83' lang='lat' dir='ltr'><strong>Agrum</strong></span> <span class='ocrx_word' id='word_1_53' title='bbox 1254 987 1282 1031; x_wconf 82' lang='lat'><strong>11</strong></span> 
     </span>
     <span class='ocr_line' id='line_1_8' title="bbox 118 1067 1242 1156; baseline -0.002 -21"><span class='ocrx_word' id='word_1_54' title='bbox 118 1071 201 1135; x_wconf 91' lang='lat' dir='ltr'><strong>male</strong></span> <span class='ocrx_word' id='word_1_55' title='bbox 222 1071 329 1137; x_wconf 89' lang='lat' dir='ltr'><strong>colere</strong></span> <span class='ocrx_word' id='word_1_56' title='bbox 350 1071 532 1136; x_wconf 88' lang='lat' dir='ltr'><strong>censorium</strong></span> <span class='ocrx_word' id='word_1_57' title='bbox 544 1070 698 1156; x_wconf 89' lang='lat' dir='ltr'><strong>probrum</strong></span> <span class='ocrx_word' id='word_1_58' title='bbox 715 1067 933 1146; x_wconf 85' lang='lat' dir='ltr'><strong>indicabatur3</strong></span> <span class='ocrx_word' id='word_1_59' title='bbox 956 1079 1063 1152; x_wconf 89' lang='lat' dir='ltr'><strong>atque,</strong></span> <span class='ocrx_word' id='word_1_60' title='bbox 1083 1078 1121 1132; x_wconf 90' lang='lat' dir='ltr'><strong>ut</strong></span> <span class='ocrx_word' id='word_1_61' title='bbox 1141 1069 1242 1135; x_wconf 79' lang='lat' dir='ltr'><strong>refert</strong></span> 
     </span>
     <span class='ocr_line' id='line_1_9' title="bbox 119 1167 1241 1257; baseline -0.001 -22"><span class='ocrx_word' id='word_1_62' title='bbox 119 1167 214 1249; x_wconf 83' lang='lat' dir='ltr'><strong>Cato,</strong></span> <span class='ocrx_word' id='word_1_63' title='bbox 237 1193 311 1235; x_wconf 93' lang='lat' dir='ltr'><strong>cum</strong></span> <span class='ocrx_word' id='word_1_64' title='bbox 333 1171 438 1236; x_wconf 91' lang='lat' dir='ltr'><strong>virum</strong></span> <span class='ocrx_word' id='word_1_65' title='bbox 458 1171 579 1237; x_wconf 93' lang='lat' dir='ltr'><strong>bonnm</strong></span> <span class='ocrx_word' id='word_1_66' title='bbox 593 1171 765 1257; x_wconf 78' lang='lat' dir='ltr'><strong>agricolam</strong></span> <span class='ocrx_word' id='word_1_67' title='bbox 782 1168 965 1253; x_wconf 91' lang='lat' dir='ltr'><strong>bonumque</strong></span> <span class='ocrx_word' id='word_1_68' title='bbox 979 1168 1127 1234; x_wconf 91' lang='lat' dir='ltr'><strong>colonum</strong></span> <span class='ocrx_word' id='word_1_69' title='bbox 1139 1168 1241 1234; x_wconf 86' lang='lat' dir='ltr'><strong>dixis·</strong></span> 
     </span>
     <span class='ocr_line' id='line_1_10' title="bbox 118 1268 1240 1367; baseline 0 -32"><span class='ocrx_word' id='word_1_70' title='bbox 118 1281 200 1348; x_wconf 88' lang='lat' dir='ltr'><strong>sent,</strong></span> <span class='ocrx_word' id='word_1_71' title='bbox 221 1270 416 1354; x_wconf 88' lang='lat' dir='ltr'><strong>amplissime</strong></span> <span class='ocrx_word' id='word_1_72' title='bbox 437 1271 587 1336; x_wconf 87' lang='lat' dir='ltr'><strong>laudasse</strong></span> <span class='ocrx_word' id='word_1_73' title='bbox 603 1269 888 1336; x_wconf 85' lang='lat' dir='ltr'><strong>existumabantur.</strong></span> <span class='ocrx_word' id='word_1_74' title='bbox 916 1268 1005 1334; x_wconf 92' lang='lat' dir='ltr'><strong>Hinc</strong></span> <span class='ocrx_word' id='word_1_75' title='bbox 1019 1279 1051 1333; x_wconf 87' lang='lat' dir='ltr'><strong>et</strong></span> <span class='ocrx_word' id='word_1_76' title='bbox 1062 1268 1240 1367; x_wconf 63' lang='lat' dir='ltr'><strong>locupletes</strong></span> 
     </span>
     <span class='ocr_line' id='line_1_11' title="bbox 117 1369 1241 1459; baseline 0.001 -24"><span class='ocrx_word' id='word_1_77' title='bbox 117 1370 269 1436; x_wconf 85' lang='lat' dir='ltr'><strong>dicebant</strong></span> <span class='ocrx_word' id='word_1_78' title='bbox 293 1372 356 1436; x_wconf 86' lang='lat' dir='ltr'><strong>loci</strong></span> <span class='ocrx_word' id='word_1_79' title='bbox 381 1371 443 1436; x_wconf 92' lang='lat' dir='ltr'><strong>hoo</strong></span> <span class='ocrx_word' id='word_1_80' title='bbox 469 1383 520 1436; x_wconf 89' lang='lat' dir='ltr'><strong>est</strong></span> <span class='ocrx_word' id='word_1_81' title='bbox 545 1372 616 1459; x_wconf 80' lang='lat' dir='ltr'><strong>agri</strong></span> <span class='ocrx_word' id='word_1_82' title='bbox 647 1371 769 1457; x_wconf 86' lang='lat' dir='ltr'><strong>plenos.</strong></span> <span class='ocrx_word' id='word_1_83' title='bbox 805 1369 949 1435; x_wconf 88' lang='lat' dir='ltr'><strong>Pecunia</strong></span> <span class='ocrx_word' id='word_1_84' title='bbox 976 1370 1049 1454; x_wconf 91' lang='lat' dir='ltr'><strong>ipsa</strong></span> <span class='ocrx_word' id='word_1_85' title='bbox 1075 1392 1095 1434; x_wconf 90' lang='lat' dir='ltr'><strong>a</strong></span> <span class='ocrx_word' id='word_1_86' title='bbox 1121 1391 1241 1456; x_wconf 87' lang='lat' dir='ltr'><strong>pecore</strong></span> 
     </span>
     <span class='ocr_line' id='line_1_12' title="bbox 116 1469 1238 1558; baseline 0.001 -25"><span class='ocrx_word' id='word_1_87' title='bbox 116 1469 348 1556; x_wconf 87' lang='lat' dir='ltr'><strong>appellabatur.</strong></span> <span class='ocrx_word' id='word_1_88' title='bbox 369 1471 480 1537; x_wconf 87' lang='lat' dir='ltr'><strong>Etiam</strong></span> <span class='ocrx_word' id='word_1_89' title='bbox 500 1494 587 1537; x_wconf 89' lang='lat' dir='ltr'><strong>nnnc</strong></span> <span class='ocrx_word' id='word_1_90' title='bbox 607 1471 642 1535; x_wconf 92' lang='lat' dir='ltr'><strong>in</strong></span> <span class='ocrx_word' id='word_1_91' title='bbox 664 1469 780 1558; x_wconf 64' lang='lat' dir='ltr'><strong>tabulis</strong></span> <span class='ocrx_word' id='word_1_92' title='bbox 802 1470 957 1536; x_wconf 77' lang='lat' dir='ltr'><strong>censoriis</strong></span> <span class='ocrx_word' id='word_1_93' title='bbox 978 1491 1100 1557; x_wconf 82' lang='lat' dir='ltr'><strong>pascua</strong></span> <span class='ocrx_word' id='word_1_94' title='bbox 1120 1469 1238 1536; x_wconf 87' lang='lat' dir='ltr'><strong>dicun·</strong></span> 
     </span>
     <span class='ocr_line' id='line_1_13' title="bbox 118 1569 1240 1657; baseline 0 -23"><span class='ocrx_word' id='word_1_95' title='bbox 118 1581 171 1635; x_wconf 87' lang='lat' dir='ltr'><strong>tur</strong></span> <span class='ocrx_word' id='word_1_96' title='bbox 191 1571 307 1651; x_wconf 91' lang='lat' dir='ltr'><strong>omnia,</strong></span> <span class='ocrx_word' id='word_1_97' title='bbox 329 1595 371 1639; x_wconf 88' lang='lat' dir='ltr'><strong>ex</strong></span> <span class='ocrx_word' id='word_1_98' title='bbox 392 1571 510 1656; x_wconf 90' lang='lat' dir='ltr'><strong>quibus</strong></span> <span class='ocrx_word' id='word_1_99' title='bbox 531 1572 670 1657; x_wconf 90' lang='lat' dir='ltr'><strong>populus</strong></span> <span class='ocrx_word' id='word_1_100' title='bbox 695 1570 818 1636; x_wconf 86' lang='lat' dir='ltr'><strong>reditus</strong></span> <span class='ocrx_word' id='word_1_101' title='bbox 844 1570 958 1648; x_wconf 90' lang='lat' dir='ltr'><strong>habet,</strong></span> <span class='ocrx_word' id='word_1_102' title='bbox 991 1570 1068 1654; x_wconf 90' lang='lat' dir='ltr'><strong>quia</strong></span> <span class='ocrx_word' id='word_1_103' title='bbox 1092 1569 1163 1634; x_wconf 71' lang='lat' dir='ltr'><strong>diu,</strong></span> <span class='ocrx_word' id='word_1_104' title='bbox 1176 1569 1240 1635; x_wconf 89' lang='lat' dir='ltr'><strong>hoc</strong></span> 
     </span>
     <span class='ocr_line' id='line_1_14' title="bbox 117 1670 1238 1758; baseline 0.003 -21"><span class='ocrx_word' id='word_1_105' title='bbox 117 1671 220 1737; x_wconf 89' lang='lat' dir='ltr'><strong>solum</strong></span> <span class='ocrx_word' id='word_1_106' title='bbox 241 1674 379 1758; x_wconf 85' lang='lat' dir='ltr'><strong>vectigal</strong></span> <span class='ocrx_word' id='word_1_107' title='bbox 400 1673 518 1738; x_wconf 88' lang='lat' dir='ltr'><strong>fuerat.</strong></span> <span class='ocrx_word' id='word_1_108' title='bbox 540 1671 691 1736; x_wconf 86' lang='lat' dir='ltr'><strong>Multatio</strong></span> <span class='ocrx_word' id='word_1_109' title='bbox 705 1692 832 1754; x_wconf 91' lang='lat' dir='ltr'><strong>quoque</strong></span> <span class='ocrx_word' id='word_1_110' title='bbox 846 1693 910 1736; x_wconf 92' lang='lat' dir='ltr'><strong>non</strong></span> <span class='ocrx_word' id='word_1_111' title='bbox 924 1670 987 1736; x_wconf 86' lang='lat' dir='ltr'><strong>nisi</strong></span> <span class='ocrx_word' id='word_1_112' title='bbox 1001 1671 1109 1736; x_wconf 85' lang='lat' dir='ltr'><strong>ovium</strong></span> <span class='ocrx_word' id='word_1_113' title='bbox 1122 1671 1238 1741; x_wconf 80' lang='lat' dir='ltr'><strong>boum·</strong></span> 
     </span>
     <span class='ocr_line' id='line_1_15' title="bbox 116 1770 1238 1858; baseline 0 -22"><span class='ocrx_word' id='word_1_114' title='bbox 116 1793 182 1856; x_wconf 88' lang='lat' dir='ltr'><strong>que</strong></span> <span class='ocrx_word' id='word_1_115' title='bbox 202 1771 356 1858; x_wconf 87' lang='lat' dir='ltr'><strong>inpendio</strong></span> <span class='ocrx_word' id='word_1_116' title='bbox 378 1772 556 1850; x_wconf 88' lang='lat' dir='ltr'><strong>dicebatur,</strong></span> <span class='ocrx_word' id='word_1_117' title='bbox 580 1793 644 1836; x_wconf 93' lang='lat' dir='ltr'><strong>non</strong></span> <span class='ocrx_word' id='word_1_118' title='bbox 665 1770 842 1837; x_wconf 87' lang='lat' dir='ltr'><strong>omittenda</strong></span> <span class='ocrx_word' id='word_1_119' title='bbox 862 1771 1043 1856; x_wconf 88' lang='lat' dir='ltr'><strong>priscarum</strong></span> <span class='ocrx_word' id='word_1_120' title='bbox 1056 1772 1164 1857; x_wconf 80' lang='lat' dir='ltr'><strong>legum</strong></span> <span class='ocrx_word' id='word_1_121' title='bbox 1178 1770 1238 1836; x_wconf 81' lang='lat' dir='ltr'><strong>be·</strong></span> 
     </span>
     <span class='ocr_line' id='line_1_16' title="bbox 117 1872 1238 1959; baseline 0.003 -24"><span class='ocrx_word' id='word_1_122' title='bbox 117 1872 315 1951; x_wconf 84' lang='lat' dir='ltr'><strong>nevolentia3</strong></span> <span class='ocrx_word' id='word_1_123' title='bbox 344 1883 472 1943; x_wconf 82' lang='lat' dir='ltr'><strong>cautum</strong></span> <span class='ocrx_word' id='word_1_124' title='bbox 498 1872 620 1959; x_wconf 92' lang='lat' dir='ltr'><strong>quippe</strong></span> <span class='ocrx_word' id='word_1_125' title='bbox 641 1883 753 1939; x_wconf 86' lang='lat' dir='ltr'><strong>estne</strong></span> <span class='ocrx_word' id='word_1_126' title='bbox 775 1873 891 1938; x_wconf 82' lang='lat' dir='ltr'><strong>bovem</strong></span> <span class='ocrx_word' id='word_1_127' title='bbox 913 1873 1004 1958; x_wconf 90' lang='lat' dir='ltr'><strong>prius</strong></span> <span class='ocrx_word' id='word_1_128' title='bbox 1025 1894 1123 1957; x_wconf 90' lang='lat' dir='ltr'><strong>quam</strong></span> <span class='ocrx_word' id='word_1_129' title='bbox 1143 1894 1238 1938; x_wconf 82' lang='lat' dir='ltr'><strong>ovem</strong></span> 
     </span>
    </p>
   </div>
   <div class='ocr_carea' id='block_1_3' title="bbox 85 1972 1282 2378">
    <p class='ocr_par' dir='ltr' id='par_1_3' title="bbox 118 1972 1282 2059">
     <span class='ocr_line' id='line_1_17' title="bbox 118 1972 1282 2059; baseline 0.002 -23"><span class='ocrx_word' id='word_1_130' title='bbox 118 1972 296 2039; x_wconf 86' lang='lat' dir='ltr'><strong>nominaret</strong></span> <span class='ocrx_word' id='word_1_131' title='bbox 317 1974 374 2059; x_wconf 91' lang='lat' dir='ltr'><strong>qui</strong></span> <span class='ocrx_word' id='word_1_132' title='bbox 398 1973 556 2039; x_wconf 79' lang='lat' dir='ltr'><strong>indiceret</strong></span> <span class='ocrx_word' id='word_1_133' title='bbox 581 1973 724 2038; x_wconf 87' lang='lat' dir='ltr'><strong>multam.</strong></span> <span class='ocrx_word' id='word_1_134' title='bbox 760 1972 875 2038; x_wconf 88' lang='lat' dir='ltr'><strong>Ludos</strong></span> <span class='ocrx_word' id='word_1_135' title='bbox 903 1973 1002 2039; x_wconf 91' lang='lat' dir='ltr'><strong>boum</strong></span> <span class='ocrx_word' id='word_1_136' title='bbox 1027 1995 1125 2038; x_wconf 86' lang='lat' dir='ltr'><strong>causa</strong></span> <span class='ocrx_word' id='word_1_137' title='bbox 1151 1972 1237 2038; x_wconf 85' lang='lat' dir='ltr'><strong>cele·</strong></span> <span class='ocrx_word' id='word_1_138' title='bbox 1252 1988 1282 2032; x_wconf 71' lang='lat'><strong>12</strong></span> 
     </span>
    </p>

    <p class='ocr_par' dir='ltr' id='par_1_4' title="bbox 118 2071 1239 2261">
     <span class='ocr_line' id='line_1_18' title="bbox 118 2071 1239 2157; baseline -0.001 -19"><span class='ocrx_word' id='word_1_139' title='bbox 118 2073 240 2139; x_wconf 87' lang='lat' dir='ltr'><strong>brantis</strong></span> <span class='ocrx_word' id='word_1_140' title='bbox 272 2073 430 2140; x_wconf 85' lang='lat' dir='ltr'><strong>Bubetios</strong></span> <span class='ocrx_word' id='word_1_141' title='bbox 467 2073 635 2140; x_wconf 87' lang='lat' dir='ltr'><strong>vocabant.</strong></span> <span class='ocrx_word' id='word_1_142' title='bbox 678 2071 812 2138; x_wconf 90' lang='lat' dir='ltr'><strong>Servius</strong></span> <span class='ocrx_word' id='word_1_143' title='bbox 844 2096 904 2139; x_wconf 87' lang='lat' dir='ltr'><strong>rex</strong></span> <span class='ocrx_word' id='word_1_144' title='bbox 935 2073 1058 2142; x_wconf 83' lang='lat' dir='ltr'><strong>ovium.</strong></span> <span class='ocrx_word' id='word_1_145' title='bbox 1075 2073 1239 2157; x_wconf 88' lang='lat' dir='ltr'><strong>boumque</strong></span> 
     </span>
     <span class='ocr_line' id='line_1_19' title="bbox 118 2173 1238 2261; baseline 0.003 -24"><span class='ocrx_word' id='word_1_146' title='bbox 118 2173 226 2261; x_wconf 87' lang='lat' dir='ltr'><strong>effigie</strong></span> <span class='ocrx_word' id='word_1_147' title='bbox 239 2174 378 2259; x_wconf 91' lang='lat' dir='ltr'><strong>primum</strong></span> <span class='ocrx_word' id='word_1_148' title='bbox 392 2196 447 2239; x_wconf 87' lang='lat' dir='ltr'><strong>aes</strong></span> <span class='ocrx_word' id='word_1_149' title='bbox 462 2174 610 2260; x_wconf 87' lang='lat' dir='ltr'><strong>signavit.</strong></span> <span class='ocrx_word' id='word_1_150' title='bbox 633 2173 778 2260; x_wconf 86' lang='lat' dir='ltr'><strong>Frugem</strong></span> <span class='ocrx_word' id='word_1_151' title='bbox 792 2174 923 2258; x_wconf 91' lang='lat' dir='ltr'><strong>quidem</strong></span> <span class='ocrx_word' id='word_1_152' title='bbox 936 2185 1042 2254; x_wconf 87' lang='lat' dir='ltr'><strong>aratro</strong></span> <span class='ocrx_word' id='word_1_153' title='bbox 1056 2175 1238 2258; x_wconf 89' lang='lat' dir='ltr'><strong>quaesitam</strong></span> 
     </span>
    </p>

    <p class='ocr_par' dir='ltr' id='par_1_5' title="bbox 85 2256 1240 2378">
     <span class='ocr_line' id='line_1_20' title="bbox 85 2256 1240 2378; baseline 0.003 -41"><span class='ocrx_word' id='word_1_154' title='bbox 85 2256 92 2272; x_wconf 63' lang='lat'>⁸</span> <span class='ocrx_word' id='word_1_155' title='bbox 116 2272 227 2337; x_wconf 86' lang='lat' dir='ltr'><strong>furtim</strong></span> <span class='ocrx_word' id='word_1_156' title='bbox 247 2285 345 2339; x_wconf 90' lang='lat' dir='ltr'><strong>noctu</strong></span> <span class='ocrx_word' id='word_1_157' title='bbox 365 2274 495 2359; x_wconf 88' lang='lat' dir='ltr'><strong>pavisse</strong></span> <span class='ocrx_word' id='word_1_158' title='bbox 523 2296 561 2339; x_wconf 92' lang='lat' dir='ltr'><strong>ac</strong></span> <span class='ocrx_word' id='word_1_159' title='bbox 588 2273 728 2339; x_wconf 86' lang='lat' dir='ltr'><strong>secuisse</strong></span> <span class='ocrx_word' id='word_1_160' title='bbox 754 2275 869 2361; x_wconf 90' lang='lat' dir='ltr'><strong>puberi</strong></span> <span class='ocrx_word' id='word_1_161' title='bbox 889 2260 939 2338; x_wconf 83' lang='lat' dir='ltr'><strong>xrr</strong></span> <span class='ocrx_word' id='word_1_162' title='bbox 970 2274 1086 2378; x_wconf 57' lang='lat' dir='ltr'><strong>Qlss</strong></span> <span class='ocrx_word' id='word_1_163' title='bbox 1118 2275 1240 2359; x_wconf 80' lang='lat' dir='ltr'><strong>capital</strong></span> 
     </span>
    </p>
   </div>
   <div class='ocr_carea' id='block_1_4' title="bbox 118 2372 1283 3061">
    <p class='ocr_par' dir='ltr' id='par_1_6' title="bbox 118 2372 1283 3061">
     <span class='ocr_line' id='line_1_21' title="bbox 120 2372 1240 2461; baseline 0.004 -25"><span class='ocrx_word' id='word_1_164' title='bbox 120 2382 205 2450; x_wconf 86' lang='lat' dir='ltr'><strong>erat,</strong></span> <span class='ocrx_word' id='word_1_165' title='bbox 238 2395 494 2459; x_wconf 88' lang='lat' dir='ltr'><strong>suspensumque</strong></span> <span class='ocrx_word' id='word_1_166' title='bbox 516 2372 628 2439; x_wconf 88' lang='lat' dir='ltr'><strong>Cereri</strong></span> <span class='ocrx_word' id='word_1_167' title='bbox 650 2374 757 2440; x_wconf 88' lang='lat' dir='ltr'><strong>necari</strong></span> <span class='ocrx_word' id='word_1_168' title='bbox 778 2374 951 2453; x_wconf 89' lang='lat' dir='ltr'><strong>iubebant,</strong></span> <span class='ocrx_word' id='word_1_169' title='bbox 983 2374 1115 2461; x_wconf 80' lang='lat' dir='ltr'><strong>gravius</strong></span> <span class='ocrx_word' id='word_1_170' title='bbox 1140 2396 1240 2459; x_wconf 83' lang='lat' dir='ltr'><strong>quam</strong></span> 
     </span>
     <span class='ocr_line' id='line_1_22' title="bbox 118 2471 1238 2562; baseline 0.004 -25"><span class='ocrx_word' id='word_1_171' title='bbox 118 2474 154 2538; x_wconf 91' lang='lat' dir='ltr'><strong>in</strong></span> <span class='ocrx_word' id='word_1_172' title='bbox 174 2474 345 2540; x_wconf 89' lang='lat' dir='ltr'><strong>homicidio</strong></span> <span class='ocrx_word' id='word_1_173' title='bbox 367 2471 567 2553; x_wconf 84' lang='lat' dir='ltr'><strong>convictum,</strong></span> <span class='ocrx_word' id='word_1_174' title='bbox 588 2474 743 2562; x_wconf 88' lang='lat' dir='ltr'><strong>inpubem</strong></span> <span class='ocrx_word' id='word_1_175' title='bbox 763 2475 922 2561; x_wconf 86' lang='lat' dir='ltr'><strong>praetoris</strong></span> <span class='ocrx_word' id='word_1_176' title='bbox 943 2475 1100 2542; x_wconf 87' lang='lat' dir='ltr'><strong>arbitratu</strong></span> <span class='ocrx_word' id='word_1_177' title='bbox 1121 2476 1238 2542; x_wconf 85' lang='lat' dir='ltr'><strong>verbe·</strong></span> 
     </span>
     <span class='ocr_line' id='line_1_23' title="bbox 119 2574 1283 2662; baseline 0.003 -24"><span class='ocrx_word' id='word_1_178' title='bbox 119 2575 183 2638; x_wconf 90' lang='lat' dir='ltr'><strong>rari</strong></span> <span class='ocrx_word' id='word_1_179' title='bbox 203 2574 619 2662; x_wconf 87' lang='lat' dir='ltr'><strong>noxiamve-duplionemve</strong></span> <span class='ocrx_word' id='word_1_180' title='bbox 642 2575 780 2642; x_wconf 87' lang='lat' dir='ltr'><strong>decerni.</strong></span> <span class='ocrx_word' id='word_1_181' title='bbox 802 2576 873 2641; x_wconf 91' lang='lat' dir='ltr'><strong>Iam</strong></span> <span class='ocrx_word' id='word_1_182' title='bbox 888 2576 1052 2651; x_wconf 83' lang='lat' dir='ltr'><strong>distinctio</strong></span> <span class='ocrx_word' id='word_1_183' title='bbox 1071 2576 1238 2660; x_wconf 88' lang='lat' dir='ltr'><strong>honosque</strong></span> <span class='ocrx_word' id='word_1_184' title='bbox 1252 2589 1283 2634; x_wconf 81' lang='lat'><strong>1³</strong></span> 
     </span>
     <span class='ocr_line' id='line_1_24' title="bbox 118 2674 1239 2761; baseline 0.003 -22"><span class='ocrx_word' id='word_1_185' title='bbox 118 2674 258 2740; x_wconf 84' lang='lat' dir='ltr'><strong>civitatis</strong></span> <span class='ocrx_word' id='word_1_186' title='bbox 277 2674 380 2761; x_wconf 88' lang='lat' dir='ltr'><strong>ipsius</strong></span> <span class='ocrx_word' id='word_1_187' title='bbox 394 2699 459 2740; x_wconf 93' lang='lat' dir='ltr'><strong>non</strong></span> <span class='ocrx_word' id='word_1_188' title='bbox 472 2675 600 2741; x_wconf 84' lang='lat' dir='ltr'><strong>aliunde</strong></span> <span class='ocrx_word' id='word_1_189' title='bbox 616 2687 695 2741; x_wconf 89' lang='lat' dir='ltr'><strong>erat.</strong></span> <span class='ocrx_word' id='word_1_190' title='bbox 716 2676 870 2741; x_wconf 82' lang='lat' dir='ltr'><strong>Rusticus</strong></span> <span class='ocrx_word' id='word_1_191' title='bbox 884 2676 985 2742; x_wconf 85' lang='lat' dir='ltr'><strong>tribus</strong></span> <span class='ocrx_word' id='word_1_192' title='bbox 998 2676 1239 2742; x_wconf 83' lang='lat' dir='ltr'><strong>laudatissimae</strong></span> 
     </span>
     <span class='ocr_line' id='line_1_25' title="bbox 120 2775 1240 2860; baseline -0.001 -18"><span class='ocrx_word' id='word_1_193' title='bbox 120 2798 231 2842; x_wconf 92' lang='lat' dir='ltr'><strong>eorum</strong></span> <span class='ocrx_word' id='word_1_194' title='bbox 251 2775 308 2860; x_wconf 91' lang='lat' dir='ltr'><strong>qui</strong></span> <span class='ocrx_word' id='word_1_195' title='bbox 328 2800 404 2842; x_wconf 92' lang='lat' dir='ltr'><strong>rura</strong></span> <span class='ocrx_word' id='word_1_196' title='bbox 425 2776 596 2854; x_wconf 86' lang='lat' dir='ltr'><strong>haberent,</strong></span> <span class='ocrx_word' id='word_1_197' title='bbox 618 2776 760 2842; x_wconf 88' lang='lat' dir='ltr'><strong>urbanae</strong></span> <span class='ocrx_word' id='word_1_198' title='bbox 787 2798 874 2853; x_wconf 91' lang='lat' dir='ltr'><strong>vero,</strong></span> <span class='ocrx_word' id='word_1_199' title='bbox 901 2776 936 2840; x_wconf 91' lang='lat' dir='ltr'><strong>in</strong></span> <span class='ocrx_word' id='word_1_200' title='bbox 962 2797 1043 2860; x_wconf 89' lang='lat' dir='ltr'><strong>quas</strong></span> <span class='ocrx_word' id='word_1_201' title='bbox 1070 2776 1240 2841; x_wconf 82' lang='lat' dir='ltr'><strong>transferri</strong></span> 
     </span>
     <span class='ocr_line' id='line_1_26' title="bbox 118 2876 1240 2962; baseline -0.002 -20"><span class='ocrx_word' id='word_1_202' title='bbox 118 2876 295 2962; x_wconf 81' lang='lat' dir='ltr'><strong>ignominia</strong></span> <span class='ocrx_word' id='word_1_203' title='bbox 307 2888 404 2954; x_wconf 88' lang='lat' dir='ltr'><strong>esset,</strong></span> <span class='ocrx_word' id='word_1_204' title='bbox 421 2876 564 2942; x_wconf 89' lang='lat' dir='ltr'><strong>desidiae</strong></span> <span class='ocrx_word' id='word_1_205' title='bbox 585 2876 713 2961; x_wconf 89' lang='lat' dir='ltr'><strong>probro.</strong></span> <span class='ocrx_word' id='word_1_206' title='bbox 734 2876 849 2960; x_wconf 87' lang='lat' dir='ltr'><strong>Itaque</strong></span> <span class='ocrx_word' id='word_1_207' title='bbox 871 2886 1021 2961; x_wconf 86' lang='lat' dir='ltr'><strong>quattuor</strong></span> <span class='ocrx_word' id='word_1_208' title='bbox 1042 2876 1131 2941; x_wconf 88' lang='lat' dir='ltr'><strong>solae</strong></span> <span class='ocrx_word' id='word_1_209' title='bbox 1146 2888 1240 2941; x_wconf 88' lang='lat' dir='ltr'><strong>erant</strong></span> 
     </span>
     <span class='ocr_line' id='line_1_27' title="bbox 119 2975 1239 3061; baseline 0.002 -21"><span class='ocrx_word' id='word_1_210' title='bbox 119 2976 306 3061; x_wconf 88' lang='lat' dir='ltr'><strong>apartibus</strong></span> <span class='ocrx_word' id='word_1_211' title='bbox 328 2977 428 3057; x_wconf 90' lang='lat' dir='ltr'><strong>urbis,</strong></span> <span class='ocrx_word' id='word_1_212' title='bbox 457 2978 492 3042; x_wconf 92' lang='lat' dir='ltr'><strong>in</strong></span> <span class='ocrx_word' id='word_1_213' title='bbox 520 2977 593 3060; x_wconf 91' lang='lat' dir='ltr'><strong>quis</strong></span> <span class='ocrx_word' id='word_1_214' title='bbox 614 2976 816 3055; x_wconf 86' lang='lat' dir='ltr'><strong>habitabant,</strong></span> <span class='ocrx_word' id='word_1_215' title='bbox 852 2975 1055 3055; x_wconf 87' lang='lat' dir='ltr'><strong>Suburrana,</strong></span> <span class='ocrx_word' id='word_1_216' title='bbox 1077 2977 1239 3055; x_wconf 87' lang='lat' dir='ltr'><strong>Palatina,</strong></span> 
     </span>
    </p>
   </div>
   <div class='ocr_carea' id='block_1_5' title="bbox 119 3183 1243 4124">
    <p class='ocr_par' dir='ltr' id='par_1_7' title="bbox 120 3183 1240 3511">
     <span class='ocr_line' id='line_1_28' title="bbox 153 3183 1239 3248; baseline 0 -16"><span class='ocrx_word' id='word_1_217' title='bbox 153 3186 168 3246; x_wconf 68' lang='grc' dir='ltr'><strong>ξ</strong></span> <span class='ocrx_word' id='word_1_218' title='bbox 182 3190 220 3233; x_wconf 83' lang='grc'><strong>10.</strong></span> <span class='ocrx_word' id='word_1_219' title='bbox 240 3183 359 3246; x_wconf 81' lang='lat' dir='ltr'><strong>piscendo,</strong></span> <span class='ocrx_word' id='word_1_220' title='bbox 370 3187 414 3235; x_wconf 87' lang='lat' dir='ltr'><strong>ad.</strong></span> <span class='ocrx_word' id='word_1_221' title='bbox 432 3225 464 3234; x_wconf 86' lang='lat'><strong>..</strong></span> <span class='ocrx_word' id='word_1_222' title='bbox 483 3185 637 3246; x_wconf 81' lang='lat' dir='ltr'><strong>Fubotorum,</strong></span> <span class='ocrx_word' id='word_1_223' title='bbox 648 3185 723 3248; x_wconf 84' lang='lat' dir='ltr'><strong>Pigh.</strong></span> <span class='ocrx_word' id='word_1_224' title='bbox 736 3185 831 3234; x_wconf 86' lang='lat' dir='ltr'><strong>annall.</strong></span> <span class='ocrx_word' id='word_1_225' title='bbox 844 3190 868 3244; x_wconf 73' lang='grc' dir='ltr'><strong>θ,</strong></span> <span class='ocrx_word' id='word_1_226' title='bbox 880 3190 930 3244; x_wconf 78' lang='grc'><strong>45.,</strong></span> <span class='ocrx_word' id='word_1_227' title='bbox 948 3184 1000 3233; x_wconf 83' lang='lat' dir='ltr'><strong>Tit.</strong></span> <span class='ocrx_word' id='word_1_228' title='bbox 1011 3185 1074 3234; x_wconf 88' lang='lat' dir='ltr'><strong>loco.</strong></span> <span class='ocrx_word' id='word_1_229' title='bbox 1087 3191 1200 3233; x_wconf 76' lang='lat' dir='ltr'><strong>controv.</strong></span> <span class='ocrx_word' id='word_1_230' title='bbox 1214 3190 1239 3244; x_wconf 76' lang='lat'><strong>2,</strong></span> 
     </span>
     <span class='ocr_line' id='line_1_29' title="bbox 120 3244 1240 3314; baseline 0 -16"><span class='ocrx_word' id='word_1_231' title='bbox 120 3255 145 3298; x_wconf 83' lang='grc'><strong>6.</strong></span> <span class='ocrx_word' id='word_1_232' title='bbox 163 3287 195 3297; x_wconf 89' lang='grc'><strong>..</strong></span> <span class='ocrx_word' id='word_1_233' title='bbox 213 3248 375 3310; x_wconf 80' lang='lat' dir='ltr'><strong>Lentulorum,</strong></span> <span class='ocrx_word' id='word_1_234' title='bbox 386 3252 491 3300; x_wconf 86' lang='lat' dir='ltr'><strong>Barbar.</strong></span> <span class='ocrx_word' id='word_1_235' title='bbox 508 3251 671 3312; x_wconf 75' lang='lat' dir='ltr'><strong>Lmtiuorum,</strong></span> <span class='ocrx_word' id='word_1_236' title='bbox 686 3244 785 3301; x_wconf 74' lang='lat' dir='ltr'><strong>OTad.</strong></span> <span class='ocrx_word' id='word_1_237' title='bbox 804 3291 836 3301; x_wconf 82' lang='grc'>-</span> <span class='ocrx_word' id='word_1_238' title='bbox 854 3251 966 3314; x_wconf 67' lang='lat' dir='ltr'><strong>quisque,</strong></span> <span class='ocrx_word' id='word_1_239' title='bbox 978 3267 998 3300; x_wconf 88' lang='lat' dir='ltr'><strong>r.</strong></span> <span class='ocrx_word' id='word_1_240' title='bbox 1011 3290 1043 3300; x_wconf 85' lang='lat'><em>-</em></span> <span class='ocrx_word' id='word_1_241' title='bbox 1059 3266 1133 3313; x_wconf 71' lang='lat' dir='ltr'><strong>penus</strong></span> <span class='ocrx_word' id='word_1_242' title='bbox 1144 3249 1240 3312; x_wconf 79' lang='lat' dir='ltr'><strong>optime,</strong></span> 
     </span>
     <span class='ocr_line' id='line_1_30' title="bbox 120 3314 1240 3380; baseline -0.001 -15"><span class='ocrx_word' id='word_1_243' title='bbox 120 3316 150 3365; x_wconf 87' lang='grc' dir='ltr'><strong>Τ.</strong></span> <span class='ocrx_word' id='word_1_244' title='bbox 169 3355 201 3364; x_wconf 80' lang='lat'><strong>..</strong></span> <span class='ocrx_word' id='word_1_245' title='bbox 216 3314 338 3377; x_wconf 79' lang='lat' dir='ltr'><strong>familiae,</strong></span> <span class='ocrx_word' id='word_1_246' title='bbox 350 3318 374 3366; x_wconf 94' lang='lat' dir='ltr'><strong>d.</strong></span> <span class='ocrx_word' id='word_1_247' title='bbox 389 3315 499 3378; x_wconf 64' lang='lat' dir='ltr'><strong>sambro,</strong></span> <span class='ocrx_word' id='word_1_248' title='bbox 511 3333 534 3366; x_wconf 90' lang='lat' dir='ltr'><strong>a.</strong></span> <span class='ocrx_word' id='word_1_249' title='bbox 553 3317 657 3380; x_wconf 79' lang='lat' dir='ltr'><strong>familie</strong></span> <span class='ocrx_word' id='word_1_250' title='bbox 668 3334 684 3366; x_wconf 90' lang='lat' dir='ltr'><strong>u</strong></span> <span class='ocrx_word' id='word_1_251' title='bbox 697 3317 792 3366; x_wconf 83' lang='lat' dir='ltr'><strong>bubulco</strong></span> <span class='ocrx_word' id='word_1_252' title='bbox 804 3333 885 3366; x_wconf 84' lang='lat' dir='ltr'><strong>nomeu</strong></span> <span class='ocrx_word' id='word_1_253' title='bbox 897 3316 985 3366; x_wconf 68' lang='lat' dir='ltr'><strong>messit</strong></span> <span class='ocrx_word' id='word_1_254' title='bbox 995 3316 1044 3380; x_wconf 85' lang='lat' dir='ltr'><strong>qui,</strong></span> <span class='ocrx_word' id='word_1_255' title='bbox 1056 3319 1122 3367; x_wconf 77' lang='lat' dir='ltr'><strong>Pinu</strong></span> <span class='ocrx_word' id='word_1_256' title='bbox 1140 3356 1172 3366; x_wconf 89' lang='grc'><strong>..</strong></span> <span class='ocrx_word' id='word_1_257' title='bbox 1195 3332 1240 3364; x_wconf 81' lang='lat' dir='ltr'><strong>no·</strong></span> 
     </span>
     <span class='ocr_line' id='line_1_31' title="bbox 120 3374 1240 3447; baseline 0.003 -18"><span class='ocrx_word' id='word_1_258' title='bbox 120 3381 247 3441; x_wconf 76' lang='lat' dir='ltr'><strong>minamur,</strong></span> <span class='ocrx_word' id='word_1_259' title='bbox 263 3374 334 3431; x_wconf 76' lang='lat' dir='ltr'><strong>Oad.</strong></span> <span class='ocrx_word' id='word_1_260' title='bbox 361 3378 586 3442; x_wconf 63' lang='lat' dir='ltr'><strong>nominamur.</strong></span> <span class='ocrx_word' id='word_1_261' title='bbox 605 3423 636 3432; x_wconf 84' lang='lat'><strong>..</strong></span> <span class='ocrx_word' id='word_1_262' title='bbox 659 3385 965 3447; x_wconf 61' lang='lat' dir='ltr'><strong>reresurrecticuufflalee.</strong></span> <span class='ocrx_word' id='word_1_263' title='bbox 991 3384 1096 3446; x_wconf 74' lang='lat' dir='ltr'><strong>wrrsarr.</strong></span> <span class='ocrx_word' id='word_1_264' title='bbox 1108 3391 1133 3432; x_wconf 87' lang='lat' dir='ltr'><strong>et</strong></span> <span class='ocrx_word' id='word_1_265' title='bbox 1142 3382 1240 3444; x_wconf 59' lang='lat' dir='ltr'><strong>abab,</strong></span> 
     </span>
     <span class='ocr_line' id='line_1_32' title="bbox 124 3440 688 3511; baseline 0.007 -17"><span class='ocrx_word' id='word_1_266' title='bbox 124 3440 152 3496; x_wconf 88' lang='grc' dir='ltr'><strong>θ.</strong></span> <span class='ocrx_word' id='word_1_267' title='bbox 171 3447 380 3509; x_wconf 75' lang='lat' dir='ltr'><strong>eorrfmetutionis,</strong></span> <span class='ocrx_word' id='word_1_268' title='bbox 393 3449 438 3496; x_wconf 89' lang='lat' dir='ltr'><strong>ad.</strong></span> <span class='ocrx_word' id='word_1_269' title='bbox 456 3448 647 3511; x_wconf 63' lang='lat' dir='ltr'><strong>cory‘arrutsbm&#39;a,</strong></span> <span class='ocrx_word' id='word_1_270' title='bbox 658 3444 688 3510; x_wconf 78' lang='grc' dir='ltr'><strong>β.</strong></span> 
     </span>
    </p>

    <p class='ocr_par' dir='ltr' id='par_1_8' title="bbox 120 3512 1242 3912">
     <span class='ocr_line' id='line_1_33' title="bbox 154 3512 1240 3581; baseline 0 -16"><span class='ocrx_word' id='word_1_271' title='bbox 154 3517 222 3578; x_wconf 75' lang='lat' dir='ltr'><strong>§ln</strong></span> <span class='ocrx_word' id='word_1_272' title='bbox 243 3512 301 3563; x_wconf 78' lang='lat' dir='ltr'><strong>Coto</strong></span> <span class='ocrx_word' id='word_1_273' title='bbox 316 3513 616 3576; x_wconf 76' lang='lat' dir='ltr'><strong>derernst.praei.§2.</strong></span> <span class='ocrx_word' id='word_1_274' title='bbox 635 3557 667 3566; x_wconf 80' lang='grc'>-</span> <span class='ocrx_word' id='word_1_275' title='bbox 694 3517 817 3577; x_wconf 85' lang='lat' dir='ltr'><strong>cum,Ta.</strong></span> <span class='ocrx_word' id='word_1_276' title='bbox 843 3513 1002 3581; x_wconf 69' lang='lat' dir='ltr'><strong>quem,dstr.</strong></span> <span class='ocrx_word' id='word_1_277' title='bbox 1021 3557 1053 3567; x_wconf 89' lang='lat'><strong>..</strong></span> <span class='ocrx_word' id='word_1_278' title='bbox 1076 3518 1159 3566; x_wconf 85' lang='lat' dir='ltr'><strong>bouum</strong></span> <span class='ocrx_word' id='word_1_279' title='bbox 1170 3516 1240 3580; x_wconf 72' lang='lat' dir='ltr'><strong>opri-</strong></span> 
     </span>
     <span class='ocr_line' id='line_1_34' title="bbox 120 3580 1241 3647; baseline 0.004 -17"><span class='ocrx_word' id='word_1_280' title='bbox 120 3580 208 3643; x_wconf 85' lang='lat' dir='ltr'><strong>colum,</strong></span> <span class='ocrx_word' id='word_1_281' title='bbox 226 3584 290 3632; x_wconf 87' lang='lat' dir='ltr'><strong>haec</strong></span> <span class='ocrx_word' id='word_1_282' title='bbox 304 3598 344 3631; x_wconf 82' lang='lat' dir='ltr'><strong>vv.</strong></span> <span class='ocrx_word' id='word_1_283' title='bbox 362 3596 410 3644; x_wconf 83' lang='lat' dir='ltr'><strong>ego</strong></span> <span class='ocrx_word' id='word_1_284' title='bbox 422 3582 507 3644; x_wconf 89' lang='lat' dir='ltr'><strong>recepi</strong></span> <span class='ocrx_word' id='word_1_285' title='bbox 518 3597 551 3630; x_wconf 87' lang='lat' dir='ltr'><strong>ex</strong></span> <span class='ocrx_word' id='word_1_286' title='bbox 564 3581 669 3644; x_wconf 83' lang='lat' dir='ltr'><strong>Catone,</strong></span> <span class='ocrx_word' id='word_1_287' title='bbox 681 3583 758 3646; x_wconf 88' lang='lat' dir='ltr'><strong>idque</strong></span> <span class='ocrx_word' id='word_1_288' title='bbox 769 3587 930 3635; x_wconf 84' lang='lat' dir='ltr'><strong>continuatur</strong></span> <span class='ocrx_word' id='word_1_289' title='bbox 940 3585 1021 3635; x_wconf 85' lang='lat' dir='ltr'><strong>verbis</strong></span> <span class='ocrx_word' id='word_1_290' title='bbox 1032 3585 1117 3635; x_wconf 83' lang='lat' dir='ltr'><strong>statim</strong></span> <span class='ocrx_word' id='word_1_291' title='bbox 1129 3598 1241 3647; x_wconf 87' lang='lat' dir='ltr'><strong>sequen-</strong></span> 
     </span>
     <span class='ocr_line' id='line_1_35' title="bbox 120 3645 1241 3714; baseline 0.004 -18"><span class='ocrx_word' id='word_1_292' title='bbox 120 3650 187 3699; x_wconf 82' lang='lat' dir='ltr'><strong>tibus</strong></span> <span class='ocrx_word' id='word_1_293' title='bbox 204 3665 237 3699; x_wconf 87' lang='lat' dir='ltr'><strong>ex</strong></span> <span class='ocrx_word' id='word_1_294' title='bbox 254 3650 355 3713; x_wconf 83' lang='lat' dir='ltr'><strong>optimis</strong></span> <span class='ocrx_word' id='word_1_295' title='bbox 371 3649 443 3698; x_wconf 87' lang='lat' dir='ltr'><strong>libris</strong></span> <span class='ocrx_word' id='word_1_296' title='bbox 461 3649 608 3699; x_wconf 80' lang='lat' dir='ltr'><strong>emendatis.</strong></span> <span class='ocrx_word' id='word_1_297' title='bbox 629 3649 718 3702; x_wconf 79' lang='lat' dir='ltr'><strong>Omitt.</strong></span> <span class='ocrx_word' id='word_1_298' title='bbox 735 3646 830 3714; x_wconf 66' lang='lat' dir='ltr'><strong>adflr.</strong></span> <span class='ocrx_word' id='word_1_299' title='bbox 855 3692 886 3700; x_wconf 89' lang='lat'><strong>..</strong></span> <span class='ocrx_word' id='word_1_300' title='bbox 913 3653 1052 3714; x_wconf 80' lang='lat' dir='ltr'><strong>bonumque,</strong></span> <span class='ocrx_word' id='word_1_301' title='bbox 1069 3645 1117 3700; x_wconf 74' lang='lat' dir='ltr'><strong>Oa</strong></span> <span class='ocrx_word' id='word_1_302' title='bbox 1145 3651 1241 3712; x_wconf 65' lang='lat' dir='ltr'><strong>baum,</strong></span> 
     </span>
     <span class='ocr_line' id='line_1_36' title="bbox 121 3707 1242 3781; baseline 0.001 -16"><span class='ocrx_word' id='word_1_303' title='bbox 121 3711 222 3779; x_wconf 73' lang='lat' dir='ltr'><strong>Tdssr.</strong></span> <span class='ocrx_word' id='word_1_304' title='bbox 242 3756 273 3764; x_wconf 89' lang='lat'><strong>..</strong></span> <span class='ocrx_word' id='word_1_305' title='bbox 291 3715 496 3776; x_wconf 72' lang='lat' dir='ltr'><strong>exutimubuntur,</strong></span> <span class='ocrx_word' id='word_1_306' title='bbox 511 3707 599 3765; x_wconf 60' lang='grc' dir='ltr'>θεᾶν.</span> <span class='ocrx_word' id='word_1_307' title='bbox 623 3713 857 3781; x_wconf 70' lang='lat' dir='ltr'><strong>existimabuutstr.</strong></span> <span class='ocrx_word' id='word_1_308' title='bbox 877 3758 909 3767; x_wconf 89' lang='grc'><strong>..</strong></span> <span class='ocrx_word' id='word_1_309' title='bbox 927 3716 1073 3778; x_wconf 80' lang='lat' dir='ltr'><strong>dicebantur,</strong></span> <span class='ocrx_word' id='word_1_310' title='bbox 1085 3731 1108 3766; x_wconf 89' lang='lat' dir='ltr'><strong>a.</strong></span> <span class='ocrx_word' id='word_1_311' title='bbox 1129 3758 1160 3766; x_wconf 89' lang='lat'><strong>..</strong></span> <span class='ocrx_word' id='word_1_312' title='bbox 1183 3734 1242 3766; x_wconf 80' lang='lat' dir='ltr'><strong>oeu-</strong></span> 
     </span>
     <span class='ocr_line' id='line_1_37' title="bbox 120 3777 1242 3896; baseline 0.004 -65"><span class='ocrx_word' id='word_1_313' title='bbox 120 3783 188 3841; x_wconf 68' lang='lat' dir='ltr'><strong>sorb,</strong></span> <span class='ocrx_word' id='word_1_314' title='bbox 201 3777 248 3831; x_wconf 74' lang='lat' dir='ltr'><strong>Oa</strong></span> <span class='ocrx_word' id='word_1_315' title='bbox 268 3823 299 3831; x_wconf 88' lang='lat'><strong>..</strong></span> <span class='ocrx_word' id='word_1_316' title='bbox 318 3782 463 3896; x_wconf 54' lang='lat' dir='ltr'><strong>diegboutur,</strong></span> <span class='ocrx_word' id='word_1_317' title='bbox 475 3799 497 3832; x_wconf 87' lang='lat' dir='ltr'><strong>a.</strong></span> <span class='ocrx_word' id='word_1_318' title='bbox 517 3822 549 3832; x_wconf 82' lang='grc'>-</span> <span class='ocrx_word' id='word_1_319' title='bbox 566 3781 646 3845; x_wconf 84' lang='lat' dir='ltr'><strong>Nune,</strong></span> <span class='ocrx_word' id='word_1_320' title='bbox 658 3785 704 3832; x_wconf 91' lang='lat' dir='ltr'><strong>ad.</strong></span> <span class='ocrx_word' id='word_1_321' title='bbox 723 3825 754 3833; x_wconf 93' lang='lat'><strong>..</strong></span> <span class='ocrx_word' id='word_1_322' title='bbox 772 3783 934 3846; x_wconf 78' lang='lat' dir='ltr'><strong>beniuolentia,</strong></span> <span class='ocrx_word' id='word_1_323' title='bbox 946 3788 970 3835; x_wconf 89' lang='lat' dir='ltr'><strong>d.</strong></span> <span class='ocrx_word' id='word_1_324' title='bbox 989 3783 1150 3846; x_wconf 76' lang='lat' dir='ltr'><strong>beniuolentia,</strong></span> <span class='ocrx_word' id='word_1_325' title='bbox 1162 3801 1187 3834; x_wconf 90' lang='lat' dir='ltr'><strong>a.</strong></span> <span class='ocrx_word' id='word_1_326' title='bbox 1208 3825 1242 3836; x_wconf 81' lang='grc'><strong>.-</strong></span> 
     </span>
     <span class='ocr_line' id='line_1_38' title="bbox 121 3849 379 3912; baseline 0.008 -14"><span class='ocrx_word' id='word_1_327' title='bbox 121 3866 157 3910; x_wconf 84' lang='lat' dir='ltr'><strong>ae,</strong></span> <span class='ocrx_word' id='word_1_328' title='bbox 169 3852 215 3899; x_wconf 88' lang='lat' dir='ltr'><strong>ad.</strong></span> <span class='ocrx_word' id='word_1_329' title='bbox 234 3865 262 3896; x_wconf 85' lang='lat' dir='ltr'><strong>ne</strong></span> <span class='ocrx_word' id='word_1_330' title='bbox 274 3849 334 3912; x_wconf 69' lang='lat' dir='ltr'><strong>qus,</strong></span> <span class='ocrx_word' id='word_1_331' title='bbox 372 3886 379 3900; x_wconf 90' lang='lat'><strong>.</strong></span> 
     </span>
    </p>

    <p class='ocr_par' dir='ltr' id='par_1_9' title="bbox 119 3909 1243 4124">
     <span class='ocr_line' id='line_1_39' title="bbox 155 3909 1242 3983; baseline 0.002 -16"><span class='ocrx_word' id='word_1_332' title='bbox 155 3919 170 3980; x_wconf 84' lang='lat'>§</span> <span class='ocrx_word' id='word_1_333' title='bbox 184 3922 223 3967; x_wconf 83' lang='lat'><strong>12.</strong></span> <span class='ocrx_word' id='word_1_334' title='bbox 240 3917 331 3977; x_wconf 87' lang='lat' dir='ltr'><strong>bouum,</strong></span> <span class='ocrx_word' id='word_1_335' title='bbox 343 3918 367 3966; x_wconf 93' lang='lat' dir='ltr'><strong>d.</strong></span> <span class='ocrx_word' id='word_1_336' title='bbox 381 3957 413 3966; x_wconf 93' lang='lat'><strong>..</strong></span> <span class='ocrx_word' id='word_1_337' title='bbox 430 3916 554 3977; x_wconf 78' lang='lat' dir='ltr'><strong>Bubetios,</strong></span> <span class='ocrx_word' id='word_1_338' title='bbox 566 3933 582 3967; x_wconf 87' lang='lat' dir='ltr'><strong>a</strong></span> <span class='ocrx_word' id='word_1_339' title='bbox 593 3915 680 3980; x_wconf 91' lang='lat' dir='ltr'><strong>(codd.</strong></span> <span class='ocrx_word' id='word_1_340' title='bbox 693 3917 764 3981; x_wconf 83' lang='lat' dir='ltr'><strong>Gal.)</strong></span> <span class='ocrx_word' id='word_1_341' title='bbox 779 3918 915 3980; x_wconf 79' lang='lat' dir='ltr'><strong>Bubetium,</strong></span> <span class='ocrx_word' id='word_1_342' title='bbox 927 3923 951 3970; x_wconf 90' lang='lat' dir='ltr'><strong>d.</strong></span> <span class='ocrx_word' id='word_1_343' title='bbox 965 3959 997 3968; x_wconf 83' lang='grc'><strong>-</strong></span> <span class='ocrx_word' id='word_1_344' title='bbox 1012 3919 1122 3983; x_wconf 78' lang='lat' dir='ltr'><strong>primum,</strong></span> <span class='ocrx_word' id='word_1_345' title='bbox 1138 3909 1242 3969; x_wconf 76' lang='lat' dir='ltr'><strong>OTad.</strong></span> 
     </span>
     <span class='ocr_line' id='line_1_40' title="bbox 119 3979 1243 4048; baseline 0 -2"><span class='ocrx_word' id='word_1_346' title='bbox 119 3983 222 4046; x_wconf 59' lang='lat' dir='ltr'><strong>Primwr</strong></span> <span class='ocrx_word' id='word_1_347' title='bbox 237 3979 294 4046; x_wconf 50' lang='lat' dir='ltr'><strong>bqr?</strong></span> <span class='ocrx_word' id='word_1_348' title='bbox 308 4024 338 4032; x_wconf 91' lang='lat'>-</span> <span class='ocrx_word' id='word_1_349' title='bbox 361 3982 512 4048; x_wconf 47' lang='lat' dir='ltr'><strong>dfflnfimib</strong></span> <span class='ocrx_word' id='word_1_350' title='bbox 526 4000 549 4034; x_wconf 58' lang='grc' dir='ltr'><strong>θ’·</strong></span> <span class='ocrx_word' id='word_1_351' title='bbox 568 4025 600 4034; x_wconf 90' lang='lat'><strong>·-</strong></span> <span class='ocrx_word' id='word_1_352' title='bbox 619 3986 711 4048; x_wconf 58' lang='lat' dir='ltr'><strong>Imma</strong></span> <span class='ocrx_word' id='word_1_353' title='bbox 723 4001 746 4035; x_wconf 57' lang='grc' dir='ltr'><strong>ὅ·</strong></span> <span class='ocrx_word' id='word_1_354' title='bbox 766 4002 873 4048; x_wconf 72' lang='lat' dir='ltr'><strong>puerum,</strong></span> <span class='ocrx_word' id='word_1_355' title='bbox 886 3988 910 4035; x_wconf 76' lang='lat' dir='ltr'><strong>d·</strong></span> <span class='ocrx_word' id='word_1_356' title='bbox 929 4026 961 4036; x_wconf 91' lang='lat'><em>-</em></span> <span class='ocrx_word' id='word_1_357' title='bbox 984 3986 1037 4048; x_wconf 82' lang='lat' dir='ltr'><strong>XI,</strong></span> <span class='ocrx_word' id='word_1_358' title='bbox 1049 4003 1071 4036; x_wconf 61' lang='grc' dir='ltr'><strong>θ’·</strong></span> <span class='ocrx_word' id='word_1_359' title='bbox 1089 4025 1120 4035; x_wconf 90' lang='lat'>-</span> <span class='ocrx_word' id='word_1_360' title='bbox 1139 3984 1243 4048; x_wconf 57' lang='lat' dir='ltr'><strong>calmis</strong></span> 
     </span>
     <span class='ocr_line' id='line_1_41' title="bbox 125 4043 1243 4124; baseline 0.004 -27"><span class='ocrx_word' id='word_1_361' title='bbox 125 4043 166 4098; x_wconf 77' lang='lat' dir='ltr'><strong>Oa</strong></span> <span class='ocrx_word' id='word_1_362' title='bbox 177 4051 246 4112; x_wconf 83' lang='lat' dir='ltr'><strong>(cod.</strong></span> <span class='ocrx_word' id='word_1_363' title='bbox 258 4052 493 4124; x_wconf 38' lang='lat' dir='ltr'><strong>vetustissimus&#39;ap.</strong></span> <span class='ocrx_word' id='word_1_364' title='bbox 506 4052 623 4104; x_wconf 85' lang='lat' dir='ltr'><strong>Oudond</strong></span> <span class='ocrx_word' id='word_1_365' title='bbox 635 4055 667 4102; x_wconf 90' lang='lat' dir='ltr'><strong>ad</strong></span> <span class='ocrx_word' id='word_1_366' title='bbox 679 4053 749 4103; x_wconf 82' lang='lat' dir='ltr'><strong>Suet.</strong></span> <span class='ocrx_word' id='word_1_367' title='bbox 762 4052 818 4103; x_wconf 88' lang='lat' dir='ltr'><strong>Cal.</strong></span> <span class='ocrx_word' id='word_1_368' title='bbox 831 4051 884 4115; x_wconf 81' lang='lat'><strong>24.)</strong></span> <span class='ocrx_word' id='word_1_369' title='bbox 907 4052 1018 4116; x_wconf 83' lang='lat' dir='ltr'><strong>capitale,</strong></span> <span class='ocrx_word' id='word_1_370' title='bbox 1030 4048 1081 4114; x_wconf 76' lang='grc' dir='ltr'><strong>ᾱβ.</strong></span> <span class='ocrx_word' id='word_1_371' title='bbox 1099 4092 1131 4100; x_wconf 89' lang='grc'>-</span> <span class='ocrx_word' id='word_1_372' title='bbox 1154 4067 1243 4101; x_wconf 70' lang='lat' dir='ltr'><strong>merc-</strong></span> 
     </span>
    </p>
   </div>
   <div class='ocr_carea' id='block_1_6' title="bbox 27 4113 1245 4182">
    <p class='ocr_par' dir='ltr' id='par_1_10' title="bbox 27 4113 1245 4182">
     <span class='ocr_line' id='line_1_42' title="bbox 27 4113 1245 4182; baseline 0.004 -19"><span class='ocrx_word' id='word_1_373' title='bbox 27 4164 32 4172; x_wconf 70' lang='lat'><strong>,</strong></span> <span class='ocrx_word' id='word_1_374' title='bbox 122 4124 225 4178; x_wconf 83' lang='lat' dir='ltr'><strong>tumque,</strong></span> <span class='ocrx_word' id='word_1_375' title='bbox 242 4119 311 4181; x_wconf 84' lang='lat' dir='ltr'><strong>Lipr.</strong></span> <span class='ocrx_word' id='word_1_376' title='bbox 329 4119 400 4182; x_wconf 84' lang='lat' dir='ltr'><strong>epist.</strong></span> <span class='ocrx_word' id='word_1_377' title='bbox 418 4127 514 4182; x_wconf 82' lang='lat' dir='ltr'><strong>quaest.</strong></span> <span class='ocrx_word' id='word_1_378' title='bbox 530 4127 555 4181; x_wconf 80' lang='lat'><strong>4,</strong></span> <span class='ocrx_word' id='word_1_379' title='bbox 572 4125 614 4169; x_wconf 79' lang='lat'><strong>26.</strong></span> <span class='ocrx_word' id='word_1_380' title='bbox 637 4160 668 4168; x_wconf 90' lang='lat'><strong>..</strong></span> <span class='ocrx_word' id='word_1_381' title='bbox 695 4120 818 4170; x_wconf 67' lang='lat' dir='ltr'><strong>nouomve</strong></span> <span class='ocrx_word' id='word_1_382' title='bbox 834 4118 1006 4182; x_wconf 81' lang='lat' dir='ltr'><strong>duplionemve,</strong></span> <span class='ocrx_word' id='word_1_383' title='bbox 1025 4113 1097 4170; x_wconf 75' lang='lat' dir='ltr'><strong>Oad.</strong></span> <span class='ocrx_word' id='word_1_384' title='bbox 1124 4134 1245 4168; x_wconf 77' lang='lat' dir='ltr'><strong>acuamus</strong></span> 
     </span>
    </p>
   </div>
   <div class='ocr_carea' id='block_1_7' title="bbox 122 4180 1244 4314">
    <p class='ocr_par' dir='ltr' id='par_1_11' title="bbox 122 4180 1244 4314">
     <span class='ocr_line' id='line_1_43' title="bbox 122 4180 1244 4301; baseline 0.003 -69"><span class='ocrx_word' id='word_1_385' title='bbox 122 4182 288 4301; x_wconf 52' lang='lat' dir='ltr'><strong>{aplicuemou</strong></span> <span class='ocrx_word' id='word_1_386' title='bbox 305 4180 334 4246; x_wconf 76' lang='grc' dir='ltr'><strong>β.</strong></span> <span class='ocrx_word' id='word_1_387' title='bbox 361 4184 500 4249; x_wconf 66' lang='lat' dir='ltr'><strong>osculumque</strong></span> <span class='ocrx_word' id='word_1_388' title='bbox 517 4184 637 4250; x_wconf 77' lang='lat' dir='ltr'><strong>duplione,</strong></span> <span class='ocrx_word' id='word_1_389' title='bbox 655 4187 733 4237; x_wconf 88' lang='lat' dir='ltr'><strong>Hard.</strong></span> <span class='ocrx_word' id='word_1_390' title='bbox 751 4201 765 4237; x_wconf 85' lang='lat' dir='ltr'><strong>a</strong></span> <span class='ocrx_word' id='word_1_391' title='bbox 781 4188 853 4238; x_wconf 86' lang='lat' dir='ltr'><strong>codd.</strong></span> <span class='ocrx_word' id='word_1_392' title='bbox 865 4184 912 4250; x_wconf 73' lang='lat' dir='ltr'><strong>(t),</strong></span> <span class='ocrx_word' id='word_1_393' title='bbox 924 4202 949 4251; x_wconf 80' lang='grc' dir='ltr'><strong>γ.</strong></span> <span class='ocrx_word' id='word_1_394' title='bbox 977 4203 1080 4237; x_wconf 75' lang='lat' dir='ltr'><strong>noeoeue</strong></span> <span class='ocrx_word' id='word_1_395' title='bbox 1097 4185 1244 4250; x_wconf 79' lang='lat' dir='ltr'><strong>dupliouern,</strong></span> 
     </span>
     <span class='ocr_line' id='line_1_44' title="bbox 145 4266 190 4314; baseline 0 -15"><span class='ocrx_word' id='word_1_396' title='bbox 145 4266 190 4314; x_wconf 77' lang='lat' dir='ltr'><strong>ips.</strong></span> 
     </span>
    </p>
   </div>
   <div class='ocr_carea' id='block_1_8' title="bbox 0 0 1382 4726">
    <p class='ocr_par' dir='ltr' id='par_1_12' title="bbox 0 0 1382 4726">
     <span class='ocr_line' id='line_1_45' title="bbox 0 0 1382 4726; baseline 0 0"><span class='ocrx_word' id='word_1_397' title='bbox 0 0 1382 4726; x_wconf 95' lang='lat' dir='ltr'><strong> </strong></span> 
     </span>
    </p>
   </div>
  </div>
 </body>
</html>
