<?xml version="1.0" encoding="UTF-8"?>
<!DOCTYPE html PUBLIC "-//W3C//DTD XHTML 1.0 Transitional//EN"
    "http://www.w3.org/TR/xhtml1/DTD/xhtml1-transitional.dtd">
<html xmlns="http://www.w3.org/1999/xhtml" xml:lang="en" lang="en">
 <head>
  <title>
</title>
<meta http-equiv="Content-Type" content="text/html;charset=utf-8" />
  <meta name='ocr-system' content='tesseract 3.04.00' />
  <meta name='ocr-capabilities' content='ocr_page ocr_carea ocr_par ocr_line ocrx_word'/>
</head>
<body>
  <div class='ocr_page' id='page_1' title='image "./cplinisecundina02grongoog_0038.png"; bbox 0 0 2754 4726; ppageno 0'>
   <div class='ocr_carea' id='block_1_1' title="bbox 300 284 1200 349">
    <p class='ocr_par' dir='ltr' id='par_1_1' title="bbox 300 284 1200 349">
     <span class='ocr_line' id='line_1_1' title="bbox 300 284 1200 349; baseline -0.002 -2"><span class='ocrx_word' id='word_1_1' title='bbox 300 303 369 349; x_wconf 84' lang='lat' dir='ltr'>nm.</span> <span class='ocrx_word' id='word_1_2' title='bbox 386 302 459 349; x_wconf 86' lang='lat' dir='ltr'>xvr.</span> <span class='ocrx_word' id='word_1_3' title='bbox 488 301 565 349; x_wconf 78' lang='lat' dir='ltr'>car.</span> <span class='ocrx_word' id='word_1_4' title='bbox 580 303 665 349; x_wconf 58' lang='grc' dir='ltr'>Ην.</span> <span class='ocrx_word' id='word_1_5' title='bbox 682 302 783 348; x_wconf 77' lang='lat' dir='ltr'>rxvr.</span> <span class='ocrx_word' id='word_1_6' title='bbox 807 300 1001 348; x_wconf 71' lang='lat' dir='ltr'>sucurre.</span> <span class='ocrx_word' id='word_1_7' title='bbox 1161 284 1200 345; x_wconf 75' lang='grc'>27</span> 
     </span>
    </p>
   </div>
   <div class='ocr_carea' id='block_1_2' title="bbox 12 450 1300 3174">
    <p class='ocr_par' dir='ltr' id='par_1_2' title="bbox 52 450 1300 1051">
     <span class='ocr_line' id='line_1_2' title="bbox 94 450 1202 540; baseline -0.004 -22"><span class='ocrx_word' id='word_1_8' title='bbox 94 464 270 529; x_wconf 89' lang='lat' dir='ltr'>turescunt,</span> <span class='ocrx_word' id='word_1_9' title='bbox 292 463 329 517; x_wconf 91' lang='lat' dir='ltr'>ut</span> <span class='ocrx_word' id='word_1_10' title='bbox 349 453 441 517; x_wconf 89' lang='lat' dir='ltr'>vites.</span> <span class='ocrx_word' id='word_1_11' title='bbox 467 450 614 519; x_wconf 86' lang='lat' dir='ltr'>Serotino</span> <span class='ocrx_word' id='word_1_12' title='bbox 634 453 789 537; x_wconf 82' lang='lat' dir='ltr'>quaedam</span> <span class='ocrx_word' id='word_1_13' title='bbox 810 453 990 540; x_wconf 87' lang='lat' dir='ltr'>germinatu</span> <span class='ocrx_word' id='word_1_14' title='bbox 1008 452 1120 518; x_wconf 88' lang='lat' dir='ltr'>florent</span> <span class='ocrx_word' id='word_1_15' title='bbox 1134 473 1202 515; x_wconf 85' lang='lat' dir='ltr'>ma-</span> 
     </span>
     <span class='ocr_line' id='line_1_3' title="bbox 94 552 1203 638; baseline -0.001 -20"><span class='ocrx_word' id='word_1_16' title='bbox 94 564 265 638; x_wconf 89' lang='lat' dir='ltr'>turantque</span> <span class='ocrx_word' id='word_1_17' title='bbox 288 552 442 632; x_wconf 77' lang='lat' dir='ltr'>celeriter,</span> <span class='ocrx_word' id='word_1_18' title='bbox 471 554 564 621; x_wconf 90' lang='lat' dir='ltr'>sicuti</span> <span class='ocrx_word' id='word_1_19' title='bbox 585 576 693 620; x_wconf 88' lang='lat' dir='ltr'>morus</span> <span class='ocrx_word' id='word_1_20' title='bbox 715 576 796 638; x_wconf 92' lang='lat' dir='ltr'>quae</span> <span class='ocrx_word' id='word_1_21' title='bbox 818 554 991 620; x_wconf 88' lang='lat' dir='ltr'>novissima</span> <span class='ocrx_word' id='word_1_22' title='bbox 1011 553 1203 618; x_wconf 87' lang='lat' dir='ltr'>urbanarum</span> 
     </span>
     <span class='ocr_line' id='line_1_4' title="bbox 91 652 1300 744; baseline -0.007 -24"><span class='ocrx_word' id='word_1_23' title='bbox 91 656 253 744; x_wconf 86' lang='lat' dir='ltr'>germinat</span> <span class='ocrx_word' id='word_1_24' title='bbox 272 677 331 720; x_wconf 94' lang='lat' dir='ltr'>nec</span> <span class='ocrx_word' id='word_1_25' title='bbox 353 655 415 719; x_wconf 90' lang='lat' dir='ltr'>nisi</span> <span class='ocrx_word' id='word_1_26' title='bbox 436 666 548 721; x_wconf 86' lang='lat' dir='ltr'>exacto</span> <span class='ocrx_word' id='word_1_27' title='bbox 569 655 705 742; x_wconf 79' lang='lat' dir='ltr'>frigore,</span> <span class='ocrx_word' id='word_1_28' title='bbox 734 655 775 721; x_wconf 93' lang='lat' dir='ltr'>ob</span> <span class='ocrx_word' id='word_1_29' title='bbox 802 655 836 720; x_wconf 92' lang='lat' dir='ltr'>id</span> <span class='ocrx_word' id='word_1_30' title='bbox 862 655 947 719; x_wconf 92' lang='lat' dir='ltr'>dicta</span> <span class='ocrx_word' id='word_1_31' title='bbox 972 652 1205 740; x_wconf 86' lang='lat' dir='ltr'>sapientissima</span> <span class='ocrx_word' id='word_1_32' title='bbox 1293 701 1300 711; x_wconf 93' lang='lat'>.</span> 
     </span>
     <span class='ocr_line' id='line_1_5' title="bbox 91 753 1205 842; baseline -0.002 -21"><span class='ocrx_word' id='word_1_33' title='bbox 91 754 259 833; x_wconf 81' lang='lat' dir='ltr'>arborum3</span> <span class='ocrx_word' id='word_1_34' title='bbox 294 756 352 821; x_wconf 92' lang='lat' dir='ltr'>sed</span> <span class='ocrx_word' id='word_1_35' title='bbox 378 779 451 822; x_wconf 92' lang='lat' dir='ltr'>cum</span> <span class='ocrx_word' id='word_1_36' title='bbox 479 757 596 842; x_wconf 92' lang='lat' dir='ltr'>coepit,</span> <span class='ocrx_word' id='word_1_37' title='bbox 628 756 662 821; x_wconf 88' lang='lat' dir='ltr'>in</span> <span class='ocrx_word' id='word_1_38' title='bbox 691 767 815 821; x_wconf 87' lang='lat' dir='ltr'>tantum</span> <span class='ocrx_word' id='word_1_39' title='bbox 842 756 992 822; x_wconf 84' lang='lat' dir='ltr'>universa</span> <span class='ocrx_word' id='word_1_40' title='bbox 1018 753 1205 840; x_wconf 70' lang='lat' dir='ltr'>germinatio</span> 
     </span>
     <span class='ocr_line' id='line_1_6' title="bbox 93 856 1082 946; baseline -0.003 -22"><span class='ocrx_word' id='word_1_41' title='bbox 93 859 236 944; x_wconf 84' lang='lat' dir='ltr'>erumpit</span> <span class='ocrx_word' id='word_1_42' title='bbox 255 867 292 922; x_wconf 92' lang='lat' dir='ltr'>ut</span> <span class='ocrx_word' id='word_1_43' title='bbox 312 881 377 922; x_wconf 90' lang='lat' dir='ltr'>una</span> <span class='ocrx_word' id='word_1_44' title='bbox 398 867 490 923; x_wconf 89' lang='lat' dir='ltr'>nocte</span> <span class='ocrx_word' id='word_1_45' title='bbox 511 868 683 946; x_wconf 86' lang='lat' dir='ltr'>peragatur</span> <span class='ocrx_word' id='word_1_46' title='bbox 704 868 737 924; x_wconf 90' lang='lat' dir='ltr'>et</span> <span class='ocrx_word' id='word_1_47' title='bbox 757 858 822 923; x_wconf 88' lang='lat' dir='ltr'>iam</span> <span class='ocrx_word' id='word_1_48' title='bbox 843 881 917 924; x_wconf 88' lang='lat' dir='ltr'>cum</span> <span class='ocrx_word' id='word_1_49' title='bbox 938 856 1082 943; x_wconf 84' lang='lat' dir='ltr'>strepitu.</span> 
     </span>
     <span class='ocr_line' id='line_1_7' title="bbox 52 952 1269 1051; baseline -0.003 -29"><span class='ocrx_word' id='word_1_50' title='bbox 52 964 58 1051; x_wconf 38' lang='lat' dir='ltr'>j</span> <span class='ocrx_word' id='word_1_51' title='bbox 137 961 187 1023; x_wconf 79' lang='lat'>42.</span> <span class='ocrx_word' id='word_1_52' title='bbox 209 958 263 1022; x_wconf 82' lang='lat' dir='ltr'>Ex</span> <span class='ocrx_word' id='word_1_53' title='bbox 284 957 333 1023; x_wconf 88' lang='lat' dir='ltr'>his</span> <span class='ocrx_word' id='word_1_54' title='bbox 354 981 437 1043; x_wconf 90' lang='lat' dir='ltr'>quae</span> <span class='ocrx_word' id='word_1_55' title='bbox 457 958 560 1024; x_wconf 90' lang='lat' dir='ltr'>hieme</span> <span class='ocrx_word' id='word_1_56' title='bbox 580 959 686 1044; x_wconf 89' lang='lat' dir='ltr'>aquila</span> <span class='ocrx_word' id='word_1_57' title='bbox 707 960 879 1038; x_wconf 86' lang='lat' dir='ltr'>exoriente,</span> <span class='ocrx_word' id='word_1_58' title='bbox 902 970 940 1031; x_wconf 87' lang='lat' dir='ltr'>ut</span> <span class='ocrx_word' id='word_1_59' title='bbox 959 957 1107 1037; x_wconf 85' lang='lat' dir='ltr'>diximus,</span> <span class='ocrx_word' id='word_1_60' title='bbox 1129 978 1205 1023; x_wconf 90' lang='lat' dir='ltr'>oon·</span> <span class='ocrx_word' id='word_1_61' title='bbox 1221 952 1269 1019; x_wconf 79' lang='lat' dir='ltr'>roa¹</span> 
     </span>
    </p>

    <p class='ocr_par' dir='ltr' id='par_1_3' title="bbox 40 1057 1272 2158">
     <span class='ocr_line' id='line_1_8' title="bbox 40 1057 1207 1149; baseline -0.006 -21"><span class='ocrx_word' id='word_1_62' title='bbox 40 1106 52 1135; x_wconf 54' lang='grc' dir='ltr'>ς</span> <span class='ocrx_word' id='word_1_63' title='bbox 90 1060 218 1146; x_wconf 75' lang='lat' dir='ltr'>cipiunt</span> <span class='ocrx_word' id='word_1_64' title='bbox 231 1059 325 1126; x_wconf 88' lang='lat' dir='ltr'>floret</span> <span class='ocrx_word' id='word_1_65' title='bbox 338 1061 442 1146; x_wconf 89' lang='lat' dir='ltr'>prima</span> <span class='ocrx_word' id='word_1_66' title='bbox 455 1060 595 1126; x_wconf 91' lang='lat' dir='ltr'>omnium</span> <span class='ocrx_word' id='word_1_67' title='bbox 609 1061 778 1149; x_wconf 83' lang='lat' dir='ltr'>amygdala</span> <span class='ocrx_word' id='word_1_68' title='bbox 791 1083 900 1126; x_wconf 88' lang='lat' dir='ltr'>mense</span> <span class='ocrx_word' id='word_1_69' title='bbox 913 1059 1074 1139; x_wconf 89' lang='lat' dir='ltr'>Ianuario,</span> <span class='ocrx_word' id='word_1_70' title='bbox 1086 1057 1207 1123; x_wconf 89' lang='lat' dir='ltr'>Martio</span> 
     </span>
     <span class='ocr_line' id='line_1_9' title="bbox 90 1159 1206 1248; baseline -0.001 -22"><span class='ocrx_word' id='word_1_71' title='bbox 90 1183 175 1226; x_wconf 87' lang='lat' dir='ltr'>vero</span> <span class='ocrx_word' id='word_1_72' title='bbox 200 1183 331 1246; x_wconf 92' lang='lat' dir='ltr'>pomum</span> <span class='ocrx_word' id='word_1_73' title='bbox 358 1171 501 1226; x_wconf 90' lang='lat' dir='ltr'>maturat.</span> <span class='ocrx_word' id='word_1_74' title='bbox 537 1162 591 1228; x_wconf 88' lang='lat' dir='ltr'>Ab</span> <span class='ocrx_word' id='word_1_75' title='bbox 619 1184 657 1227; x_wconf 92' lang='lat' dir='ltr'>ea</span> <span class='ocrx_word' id='word_1_76' title='bbox 677 1185 850 1248; x_wconf 84' lang='lat' dir='ltr'>proxumae</span> <span class='ocrx_word' id='word_1_77' title='bbox 871 1162 985 1228; x_wconf 89' lang='lat' dir='ltr'>florent</span> <span class='ocrx_word' id='word_1_78' title='bbox 1004 1159 1206 1236; x_wconf 71' lang='lat' dir='ltr'>Armeniaca,</span> 
     </span>
     <span class='ocr_line' id='line_1_10' title="bbox 92 1262 1207 1352; baseline -0.001 -26"><span class='ocrx_word' id='word_1_79' title='bbox 92 1262 173 1327; x_wconf 90' lang='lat' dir='ltr'>dein</span> <span class='ocrx_word' id='word_1_80' title='bbox 195 1262 323 1329; x_wconf 91' lang='lat' dir='ltr'>tuberes</span> <span class='ocrx_word' id='word_1_81' title='bbox 345 1274 377 1328; x_wconf 91' lang='lat' dir='ltr'>et</span> <span class='ocrx_word' id='word_1_82' title='bbox 397 1284 577 1349; x_wconf 78' lang='lat' dir='ltr'>praecoces,</span> <span class='ocrx_word' id='word_1_83' title='bbox 598 1263 669 1329; x_wconf 86' lang='lat' dir='ltr'>illae</span> <span class='ocrx_word' id='word_1_84' title='bbox 684 1264 882 1352; x_wconf 83' lang='lat' dir='ltr'>peregrinae,</span> <span class='ocrx_word' id='word_1_85' title='bbox 902 1263 963 1329; x_wconf 90' lang='lat' dir='ltr'>hae</span> <span class='ocrx_word' id='word_1_86' title='bbox 985 1273 1128 1338; x_wconf 66' lang='lat' dir='ltr'>coactam</span> <span class='ocrx_word' id='word_1_87' title='bbox 1154 1284 1207 1328; x_wconf 88' lang='lat' dir='ltr'>or·</span> 
     </span>
     <span class='ocr_line' id='line_1_11' title="bbox 91 1363 1207 1451; baseline -0.001 -23"><span class='ocrx_word' id='word_1_88' title='bbox 91 1363 173 1429; x_wconf 90' lang='lat' dir='ltr'>dine</span> <span class='ocrx_word' id='word_1_89' title='bbox 198 1374 306 1428; x_wconf 91' lang='lat' dir='ltr'>autem</span> <span class='ocrx_word' id='word_1_90' title='bbox 331 1377 464 1430; x_wconf 89' lang='lat' dir='ltr'>naturae</span> <span class='ocrx_word' id='word_1_91' title='bbox 497 1364 687 1430; x_wconf 77' lang='lat' dir='ltr'>silvestrium</span> <span class='ocrx_word' id='word_1_92' title='bbox 713 1366 835 1451; x_wconf 90' lang='lat' dir='ltr'>primae</span> <span class='ocrx_word' id='word_1_93' title='bbox 863 1366 1033 1431; x_wconf 88' lang='lat' dir='ltr'>sambucus</span> <span class='ocrx_word' id='word_1_94' title='bbox 1059 1364 1111 1429; x_wconf 91' lang='lat' dir='ltr'>cui</span> <span class='ocrx_word' id='word_1_95' title='bbox 1138 1385 1207 1428; x_wconf 90' lang='lat' dir='ltr'>me·</span> 
     </span>
     <span class='ocr_line' id='line_1_12' title="bbox 91 1464 1209 1552; baseline 0 -23"><span class='ocrx_word' id='word_1_96' title='bbox 91 1464 186 1529; x_wconf 89' lang='lat' dir='ltr'>dulla</span> <span class='ocrx_word' id='word_1_97' title='bbox 215 1465 362 1552; x_wconf 89' lang='lat' dir='ltr'>pluruma</span> <span class='ocrx_word' id='word_1_98' title='bbox 387 1476 434 1545; x_wconf 92' lang='lat' dir='ltr'>et,</span> <span class='ocrx_word' id='word_1_99' title='bbox 469 1466 522 1531; x_wconf 92' lang='lat' dir='ltr'>cui</span> <span class='ocrx_word' id='word_1_100' title='bbox 548 1466 650 1545; x_wconf 91' lang='lat' dir='ltr'>nulla,</span> <span class='ocrx_word' id='word_1_101' title='bbox 685 1489 801 1531; x_wconf 90' lang='lat' dir='ltr'>cornus</span> <span class='ocrx_word' id='word_1_102' title='bbox 826 1467 983 1544; x_wconf 89' lang='lat' dir='ltr'>mascula;</span> <span class='ocrx_word' id='word_1_103' title='bbox 1015 1465 1209 1530; x_wconf 87' lang='lat' dir='ltr'>urbanarum</span> 
     </span>
     <span class='ocr_line' id='line_1_13' title="bbox 91 1559 1209 1654; baseline -0.004 -21"><span class='ocrx_word' id='word_1_104' title='bbox 91 1567 201 1633; x_wconf 90' lang='lat' dir='ltr'>malus</span> <span class='ocrx_word' id='word_1_105' title='bbox 222 1559 385 1653; x_wconf 69' lang='lat' dir='ltr'>paruoque</span> <span class='ocrx_word' id='word_1_106' title='bbox 405 1579 488 1653; x_wconf 88' lang='lat' dir='ltr'>post,</span> <span class='ocrx_word' id='word_1_107' title='bbox 511 1579 547 1632; x_wconf 92' lang='lat' dir='ltr'>ut</span> <span class='ocrx_word' id='word_1_108' title='bbox 567 1568 661 1632; x_wconf 91' lang='lat' dir='ltr'>simul</span> <span class='ocrx_word' id='word_1_109' title='bbox 675 1568 776 1654; x_wconf 86' lang='lat' dir='ltr'>possit</span> <span class='ocrx_word' id='word_1_110' title='bbox 790 1567 902 1646; x_wconf 84' lang='lat' dir='ltr'>videri,</span> <span class='ocrx_word' id='word_1_111' title='bbox 924 1567 1015 1653; x_wconf 86' lang='lat' dir='ltr'>pirus</span> <span class='ocrx_word' id='word_1_112' title='bbox 1035 1575 1068 1630; x_wconf 92' lang='lat' dir='ltr'>et</span> <span class='ocrx_word' id='word_1_113' title='bbox 1081 1585 1209 1630; x_wconf 89' lang='lat' dir='ltr'>cerasus</span> 
     </span>
     <span class='ocr_line' id='line_1_14' title="bbox 92 1664 1272 1756; baseline -0.004 -23"><span class='ocrx_word' id='word_1_114' title='bbox 92 1678 134 1733; x_wconf 85' lang='lat' dir='ltr'>et</span> <span class='ocrx_word' id='word_1_115' title='bbox 153 1690 286 1755; x_wconf 89' lang='lat' dir='ltr'>prunus.</span> <span class='ocrx_word' id='word_1_116' title='bbox 323 1666 479 1752; x_wconf 86' lang='lat' dir='ltr'>Sequitur</span> <span class='ocrx_word' id='word_1_117' title='bbox 499 1668 625 1748; x_wconf 89' lang='lat' dir='ltr'>laurus,</span> <span class='ocrx_word' id='word_1_118' title='bbox 651 1669 738 1734; x_wconf 90' lang='lat' dir='ltr'>illam</span> <span class='ocrx_word' id='word_1_119' title='bbox 763 1691 948 1756; x_wconf 88' lang='lat' dir='ltr'>cupressus,</span> <span class='ocrx_word' id='word_1_120' title='bbox 976 1667 1050 1733; x_wconf 91' lang='lat' dir='ltr'>dein</span> <span class='ocrx_word' id='word_1_121' title='bbox 1079 1664 1209 1752; x_wconf 89' lang='lat' dir='ltr'>punica,</span> <span class='ocrx_word' id='word_1_122' title='bbox 1224 1682 1272 1729; x_wconf 75' lang='lat' dir='ltr'>ros</span> 
     </span>
     <span class='ocr_line' id='line_1_15' title="bbox 92 1765 1209 1857; baseline 0 -24"><span class='ocrx_word' id='word_1_123' title='bbox 92 1767 170 1847; x_wconf 79' lang='lat' dir='ltr'>fici3</span> <span class='ocrx_word' id='word_1_124' title='bbox 200 1779 232 1834; x_wconf 91' lang='lat' dir='ltr'>et</span> <span class='ocrx_word' id='word_1_125' title='bbox 253 1768 335 1834; x_wconf 84' lang='lat' dir='ltr'>vites</span> <span class='ocrx_word' id='word_1_126' title='bbox 357 1780 389 1834; x_wconf 88' lang='lat' dir='ltr'>et</span> <span class='ocrx_word' id='word_1_127' title='bbox 409 1770 497 1835; x_wconf 90' lang='lat' dir='ltr'>oleae</span> <span class='ocrx_word' id='word_1_128' title='bbox 516 1769 702 1836; x_wconf 88' lang='lat' dir='ltr'>florentibus</span> <span class='ocrx_word' id='word_1_129' title='bbox 723 1771 786 1836; x_wconf 90' lang='lat' dir='ltr'>iam</span> <span class='ocrx_word' id='word_1_130' title='bbox 807 1771 858 1835; x_wconf 89' lang='lat' dir='ltr'>his</span> <span class='ocrx_word' id='word_1_131' title='bbox 879 1771 1074 1857; x_wconf 87' lang='lat' dir='ltr'>germinant,</span> <span class='ocrx_word' id='word_1_132' title='bbox 1101 1765 1209 1833; x_wconf 89' lang='lat' dir='ltr'>conci·</span> 
     </span>
     <span class='ocr_line' id='line_1_16' title="bbox 94 1869 1210 1957; baseline -0.001 -24"><span class='ocrx_word' id='word_1_133' title='bbox 94 1869 198 1957; x_wconf 89' lang='lat' dir='ltr'>piunt</span> <span class='ocrx_word' id='word_1_134' title='bbox 211 1870 416 1956; x_wconf 84' lang='lat' dir='ltr'>vergiliarum</span> <span class='ocrx_word' id='word_1_135' title='bbox 429 1881 558 1949; x_wconf 83' lang='lat' dir='ltr'>exortu3</span> <span class='ocrx_word' id='word_1_136' title='bbox 580 1870 641 1936; x_wconf 94' lang='lat' dir='ltr'>hoc</span> <span class='ocrx_word' id='word_1_137' title='bbox 656 1871 744 1936; x_wconf 86' lang='lat' dir='ltr'>sidus</span> <span class='ocrx_word' id='word_1_138' title='bbox 757 1871 883 1936; x_wconf 89' lang='lat' dir='ltr'>illarum</span> <span class='ocrx_word' id='word_1_139' title='bbox 898 1884 956 1937; x_wconf 89' lang='lat' dir='ltr'>est.</span> <span class='ocrx_word' id='word_1_140' title='bbox 978 1871 1089 1937; x_wconf 85' lang='lat' dir='ltr'>Floret</span> <span class='ocrx_word' id='word_1_141' title='bbox 1103 1879 1210 1934; x_wconf 91' lang='lat' dir='ltr'>autem</span> 
     </span>
     <span class='ocr_line' id='line_1_17' title="bbox 93 1970 1211 2057; baseline -0.003 -20"><span class='ocrx_word' id='word_1_142' title='bbox 93 1971 238 2037; x_wconf 84' lang='lat' dir='ltr'>solstitio</span> <span class='ocrx_word' id='word_1_143' title='bbox 257 1971 332 2036; x_wconf 83' lang='lat' dir='ltr'>vitis</span> <span class='ocrx_word' id='word_1_144' title='bbox 354 1982 385 2036; x_wconf 91' lang='lat' dir='ltr'>et</span> <span class='ocrx_word' id='word_1_145' title='bbox 408 1992 491 2055; x_wconf 90' lang='lat' dir='ltr'>quae</span> <span class='ocrx_word' id='word_1_146' title='bbox 511 1971 607 2057; x_wconf 89' lang='lat' dir='ltr'>paulo</span> <span class='ocrx_word' id='word_1_147' title='bbox 629 1971 731 2036; x_wconf 88' lang='lat' dir='ltr'>serius</span> <span class='ocrx_word' id='word_1_148' title='bbox 751 1972 865 2055; x_wconf 87' lang='lat' dir='ltr'>incipit</span> <span class='ocrx_word' id='word_1_149' title='bbox 885 1973 963 2037; x_wconf 86' lang='lat' dir='ltr'>olea</span> <span class='ocrx_word' id='word_1_150' title='bbox 989 1970 1211 2037; x_wconf 87' lang='lat' dir='ltr'>Deflorescunt</span> 
     </span>
     <span class='ocr_line' id='line_1_18' title="bbox 92 2070 1212 2158; baseline -0.005 -17"><span class='ocrx_word' id='word_1_151' title='bbox 92 2073 207 2141; x_wconf 89' lang='lat' dir='ltr'>omnia</span> <span class='ocrx_word' id='word_1_152' title='bbox 228 2072 368 2158; x_wconf 85' lang='lat' dir='ltr'>septenis</span> <span class='ocrx_word' id='word_1_153' title='bbox 390 2071 519 2150; x_wconf 90' lang='lat' dir='ltr'>diebus,</span> <span class='ocrx_word' id='word_1_154' title='bbox 547 2095 611 2138; x_wconf 88' lang='lat' dir='ltr'>non</span> <span class='ocrx_word' id='word_1_155' title='bbox 632 2073 781 2152; x_wconf 89' lang='lat' dir='ltr'>celerius,</span> <span class='ocrx_word' id='word_1_156' title='bbox 809 2073 965 2157; x_wconf 87' lang='lat' dir='ltr'>quaedam</span> <span class='ocrx_word' id='word_1_157' title='bbox 987 2071 1125 2149; x_wconf 89' lang='lat' dir='ltr'>tardius,</span> <span class='ocrx_word' id='word_1_158' title='bbox 1155 2070 1212 2136; x_wconf 88' lang='lat' dir='ltr'>sed</span> 
     </span>
    </p>

    <p class='ocr_par' dir='ltr' id='par_1_4' title="bbox 22 2171 1210 2362">
     <span class='ocr_line' id='line_1_19' title="bbox 22 2171 1210 2266; baseline -0.004 -25"><span class='ocrx_word' id='word_1_159' title='bbox 22 2182 25 2187; x_wconf 86' lang='grc'><strong>’</strong></span> <span class='ocrx_word' id='word_1_160' title='bbox 91 2175 197 2266; x_wconf 28' lang='lat' dir='ltr'>nulla·</span> <span class='ocrx_word' id='word_1_161' title='bbox 214 2174 359 2258; x_wconf 92' lang='lat' dir='ltr'>pluribus</span> <span class='ocrx_word' id='word_1_162' title='bbox 386 2174 436 2240; x_wconf 93' lang='lat' dir='ltr'>bis</span> <span class='ocrx_word' id='word_1_163' title='bbox 464 2175 619 2261; x_wconf 89' lang='lat' dir='ltr'>septenis,</span> <span class='ocrx_word' id='word_1_164' title='bbox 653 2175 759 2241; x_wconf 89' lang='lat' dir='ltr'>omnia</span> <span class='ocrx_word' id='word_1_165' title='bbox 786 2185 819 2240; x_wconf 93' lang='lat' dir='ltr'>et</span> <span class='ocrx_word' id='word_1_166' title='bbox 843 2175 926 2240; x_wconf 88' lang='lat' dir='ltr'>intra</span> <span class='ocrx_word' id='word_1_167' title='bbox 952 2197 1022 2239; x_wconf 87' lang='lat' dir='ltr'>vm.</span> <span class='ocrx_word' id='word_1_168' title='bbox 1051 2174 1124 2239; x_wconf 87' lang='lat' dir='ltr'>idus</span> <span class='ocrx_word' id='word_1_169' title='bbox 1150 2171 1210 2239; x_wconf 92' lang='lat' dir='ltr'>Iul.</span> 
     </span>
     <span class='ocr_line' id='line_1_20' title="bbox 94 2276 478 2362; baseline -0.016 -17"><span class='ocrx_word' id='word_1_170' title='bbox 94 2276 275 2345; x_wconf 81' lang='lat' dir='ltr'>etesiarum</span> <span class='ocrx_word' id='word_1_171' title='bbox 293 2298 478 2362; x_wconf 90' lang='lat' dir='ltr'>praecursu.</span> 
     </span>
    </p>

    <p class='ocr_par' dir='ltr' id='par_1_5' title="bbox 94 2375 1274 3065">
     <span class='ocr_line' id='line_1_21' title="bbox 137 2375 1273 2463; baseline -0.004 -20"><span class='ocrx_word' id='word_1_172' title='bbox 137 2375 275 2459; x_wconf 49' lang='lat' dir='ltr'>:XXVL</span> <span class='ocrx_word' id='word_1_173' title='bbox 296 2377 349 2441; x_wconf 79' lang='lat'>43.</span> <span class='ocrx_word' id='word_1_174' title='bbox 377 2376 446 2442; x_wconf 88' lang='lat' dir='ltr'>Nec</span> <span class='ocrx_word' id='word_1_175' title='bbox 465 2378 706 2443; x_wconf 64' lang='lat' dir='ltr'>statimdruetus</span> <span class='ocrx_word' id='word_1_176' title='bbox 726 2379 870 2463; x_wconf 90' lang='lat' dir='ltr'>sequitur</span> <span class='ocrx_word' id='word_1_177' title='bbox 883 2379 917 2442; x_wconf 94' lang='lat' dir='ltr'>in</span> <span class='ocrx_word' id='word_1_178' title='bbox 930 2377 1099 2463; x_wconf 89' lang='lat' dir='ltr'>aliquibus.</span> <span class='ocrx_word' id='word_1_179' title='bbox 1129 2375 1211 2443; x_wconf 85' lang='lat' dir='ltr'>Cor·</span> <span class='ocrx_word' id='word_1_180' title='bbox 1226 2393 1273 2440; x_wconf 77' lang='lat' dir='ltr'>ros</span> 
     </span>
     <span class='ocr_line' id='line_1_22' title="bbox 95 2478 1211 2566; baseline -0.002 -21"><span class='ocrx_word' id='word_1_181' title='bbox 95 2502 162 2545; x_wconf 88' lang='lat' dir='ltr'>nus</span> <span class='ocrx_word' id='word_1_182' title='bbox 185 2479 269 2544; x_wconf 90' lang='lat' dir='ltr'>enim</span> <span class='ocrx_word' id='word_1_183' title='bbox 291 2478 376 2544; x_wconf 91' lang='lat' dir='ltr'>circa</span> <span class='ocrx_word' id='word_1_184' title='bbox 398 2479 531 2545; x_wconf 87' lang='lat' dir='ltr'>solstitia</span> <span class='ocrx_word' id='word_1_185' title='bbox 550 2480 656 2544; x_wconf 89' lang='lat' dir='ltr'>reddit</span> <span class='ocrx_word' id='word_1_186' title='bbox 674 2479 777 2565; x_wconf 89' lang='lat' dir='ltr'>primo</span> <span class='ocrx_word' id='word_1_187' title='bbox 799 2481 979 2558; x_wconf 90' lang='lat' dir='ltr'>candidum,</span> <span class='ocrx_word' id='word_1_188' title='bbox 1004 2490 1117 2566; x_wconf 90' lang='lat' dir='ltr'>postea</span> <span class='ocrx_word' id='word_1_189' title='bbox 1138 2501 1211 2544; x_wconf 88' lang='lat' dir='ltr'>san-</span> 
     </span>
     <span class='ocr_line' id='line_1_23' title="bbox 94 2578 1213 2670; baseline 0 -25"><span class='ocrx_word' id='word_1_190' title='bbox 94 2578 269 2670; x_wconf 82' lang='lat' dir='ltr'>guineum3</span> <span class='ocrx_word' id='word_1_191' title='bbox 297 2603 339 2645; x_wconf 87' lang='lat' dir='ltr'>ex</span> <span class='ocrx_word' id='word_1_192' title='bbox 365 2602 402 2644; x_wconf 91' lang='lat' dir='ltr'>eo</span> <span class='ocrx_word' id='word_1_193' title='bbox 430 2586 546 2666; x_wconf 83' lang='lat' dir='ltr'>genere</span> <span class='ocrx_word' id='word_1_194' title='bbox 572 2580 690 2646; x_wconf 83' lang='lat' dir='ltr'>femina</span> <span class='ocrx_word' id='word_1_195' title='bbox 717 2590 790 2667; x_wconf 92' lang='lat' dir='ltr'>post</span> <span class='ocrx_word' id='word_1_196' title='bbox 815 2593 1002 2646; x_wconf 91' lang='lat' dir='ltr'>autumnum</span> <span class='ocrx_word' id='word_1_197' title='bbox 1028 2583 1090 2645; x_wconf 85' lang='lat' dir='ltr'>fert</span> <span class='ocrx_word' id='word_1_198' title='bbox 1118 2580 1213 2647; x_wconf 88' lang='lat' dir='ltr'>bacas</span> 
     </span>
     <span class='ocr_line' id='line_1_24' title="bbox 95 2680 1212 2770; baseline 0.001 -25"><span class='ocrx_word' id='word_1_199' title='bbox 95 2680 235 2747; x_wconf 85' lang='lat' dir='ltr'>acerbas</span> <span class='ocrx_word' id='word_1_200' title='bbox 260 2692 293 2747; x_wconf 92' lang='lat' dir='ltr'>et</span> <span class='ocrx_word' id='word_1_201' title='bbox 321 2681 523 2769; x_wconf 86' lang='lat' dir='ltr'>ingustabilis</span> <span class='ocrx_word' id='word_1_202' title='bbox 554 2683 677 2748; x_wconf 90' lang='lat' dir='ltr'>cunctis</span> <span class='ocrx_word' id='word_1_203' title='bbox 708 2683 954 2760; x_wconf 85' lang='lat' dir='ltr'>animantibus,</span> <span class='ocrx_word' id='word_1_204' title='bbox 970 2682 1059 2770; x_wconf 83' lang='lat' dir='ltr'>ligno</span> <span class='ocrx_word' id='word_1_205' title='bbox 1086 2703 1212 2765; x_wconf 91' lang='lat' dir='ltr'>quoque</span> 
     </span>
     <span class='ocr_line' id='line_1_25' title="bbox 96 2781 1211 2868; baseline -0.004 -19"><span class='ocrx_word' id='word_1_206' title='bbox 96 2783 242 2868; x_wconf 83' lang='lat' dir='ltr'>fungosa</span> <span class='ocrx_word' id='word_1_207' title='bbox 263 2792 296 2849; x_wconf 91' lang='lat' dir='ltr'>et</span> <span class='ocrx_word' id='word_1_208' title='bbox 314 2782 436 2860; x_wconf 91' lang='lat' dir='ltr'>inutili,</span> <span class='ocrx_word' id='word_1_209' title='bbox 465 2805 537 2848; x_wconf 91' lang='lat' dir='ltr'>cum</span> <span class='ocrx_word' id='word_1_210' title='bbox 558 2805 627 2848; x_wconf 91' lang='lat' dir='ltr'>mas</span> <span class='ocrx_word' id='word_1_211' title='bbox 650 2806 669 2848; x_wconf 89' lang='lat' dir='ltr'>e</span> <span class='ocrx_word' id='word_1_212' title='bbox 687 2783 868 2849; x_wconf 85' lang='lat' dir='ltr'>fortissimis</span> <span class='ocrx_word' id='word_1_213' title='bbox 889 2783 1131 2865; x_wconf 89' lang='lat' dir='ltr'>durissimisque</span> <span class='ocrx_word' id='word_1_214' title='bbox 1154 2781 1211 2857; x_wconf 82' lang='lat' dir='ltr'>sit3</span> 
     </span>
     <span class='ocr_line' id='line_1_26' title="bbox 98 2881 1274 2972; baseline -0.006 -23"><span class='ocrx_word' id='word_1_215' title='bbox 98 2893 193 2949; x_wconf 82' lang='lat' dir='ltr'>tanta</span> <span class='ocrx_word' id='word_1_216' title='bbox 218 2883 399 2949; x_wconf 80' lang='lat' dir='ltr'>differentia</span> <span class='ocrx_word' id='word_1_217' title='bbox 424 2883 465 2950; x_wconf 91' lang='lat' dir='ltr'>ab</span> <span class='ocrx_word' id='word_1_218' title='bbox 492 2885 604 2950; x_wconf 91' lang='lat' dir='ltr'>eodem</span> <span class='ocrx_word' id='word_1_219' title='bbox 629 2907 748 2972; x_wconf 85' lang='lat' dir='ltr'>genere</span> <span class='ocrx_word' id='word_1_220' title='bbox 775 2885 821 2949; x_wconf 79' lang='lat' dir='ltr'>fir.</span> <span class='ocrx_word' id='word_1_221' title='bbox 865 2881 932 2948; x_wconf 86' lang='lat' dir='ltr'>Sed</span> <span class='ocrx_word' id='word_1_222' title='bbox 958 2894 990 2948; x_wconf 93' lang='lat' dir='ltr'>et</span> <span class='ocrx_word' id='word_1_223' title='bbox 1015 2881 1213 2948; x_wconf 88' lang='lat' dir='ltr'>terebinthus</span> <span class='ocrx_word' id='word_1_224' title='bbox 1228 2897 1274 2943; x_wconf 86' lang='lat' dir='ltr'>roe</span> 
     </span>
     <span class='ocr_line' id='line_1_27' title="bbox 100 2983 1214 3065; baseline -0.001 -14"><span class='ocrx_word' id='word_1_225' title='bbox 100 2984 261 3051; x_wconf 88' lang='lat' dir='ltr'>messibus</span> <span class='ocrx_word' id='word_1_226' title='bbox 288 2985 395 3050; x_wconf 90' lang='lat' dir='ltr'>reddit</span> <span class='ocrx_word' id='word_1_227' title='bbox 421 3009 538 3065; x_wconf 90' lang='lat' dir='ltr'>semen,</span> <span class='ocrx_word' id='word_1_228' title='bbox 568 2997 599 3051; x_wconf 88' lang='lat' dir='ltr'>et</span> <span class='ocrx_word' id='word_1_229' title='bbox 625 3008 699 3052; x_wconf 88' lang='lat' dir='ltr'>acer</span> <span class='ocrx_word' id='word_1_230' title='bbox 719 2996 752 3053; x_wconf 92' lang='lat' dir='ltr'>et</span> <span class='ocrx_word' id='word_1_231' title='bbox 773 2985 929 3062; x_wconf 86' lang='lat' dir='ltr'>fraxinus,</span> <span class='ocrx_word' id='word_1_232' title='bbox 958 3005 1058 3049; x_wconf 90' lang='lat' dir='ltr'>nuces</span> <span class='ocrx_word' id='word_1_233' title='bbox 1080 2994 1113 3050; x_wconf 90' lang='lat' dir='ltr'>et</span> <span class='ocrx_word' id='word_1_234' title='bbox 1132 2983 1214 3050; x_wconf 81' lang='lat' dir='ltr'>mala</span> 
     </span>
    </p>

    <p class='ocr_par' dir='ltr' id='par_1_6' title="bbox 12 3085 1212 3174">
     <span class='ocr_line' id='line_1_28' title="bbox 12 3085 1212 3174; baseline 0.002 -24"><span class='ocrx_word' id='word_1_235' title='bbox 12 3138 34 3173; x_wconf 21' lang='lat'>⁵.</span> <span class='ocrx_word' id='word_1_236' title='bbox 102 3097 136 3151; x_wconf 89' lang='lat' dir='ltr'>et</span> <span class='ocrx_word' id='word_1_237' title='bbox 157 3086 228 3172; x_wconf 90' lang='lat' dir='ltr'>pira</span> <span class='ocrx_word' id='word_1_238' title='bbox 247 3097 474 3173; x_wconf 86' lang='lat' dir='ltr'>praeterquam</span> <span class='ocrx_word' id='word_1_239' title='bbox 498 3087 713 3169; x_wconf 75' lang='lat' dir='ltr'>hibernaaut</span> <span class='ocrx_word' id='word_1_240' title='bbox 734 3085 901 3171; x_wconf 90' lang='lat' dir='ltr'>praecocia</span> <span class='ocrx_word' id='word_1_241' title='bbox 926 3087 1092 3164; x_wconf 82' lang='lat' dir='ltr'>autumno,</span> <span class='ocrx_word' id='word_1_242' title='bbox 1120 3087 1212 3174; x_wconf 85' lang='lat' dir='ltr'>glan·</span> 
     </span>
    </p>
   </div>
   <div class='ocr_carea' id='block_1_3' title="bbox 10 3257 1233 4343">
    <p class='ocr_par' dir='ltr' id='par_1_7' title="bbox 10 3257 1212 3385">
     <span class='ocr_line' id='line_1_29' title="bbox 10 3257 1212 3385; baseline 0.001 -75"><span class='ocrx_word' id='word_1_243' title='bbox 10 3288 17 3310; x_wconf 90' lang='lat'>.·</span> <span class='ocrx_word' id='word_1_244' title='bbox 104 3265 232 3385; x_wconf 49' lang='lat' dir='ltr'>pegmata</span> <span class='ocrx_word' id='word_1_245' title='bbox 247 3267 270 3375; x_wconf 61' lang='lat' dir='ltr'>cp</span> <span class='ocrx_word' id='word_1_246' title='bbox 284 3260 340 3375; x_wconf 71' lang='lat' dir='ltr'>r&#39;apr,</span> <span class='ocrx_word' id='word_1_247' title='bbox 355 3263 402 3376; x_wconf 56' lang='grc' dir='ltr'>Ῑὲἰ</span> <span class='ocrx_word' id='word_1_248' title='bbox 425 3267 581 3324; x_wconf 79' lang='lat' dir='ltr'>peraperetur</span> <span class='ocrx_word' id='word_1_249' title='bbox 595 3257 651 3319; x_wconf 82' lang='lat' dir='ltr'>iam,</span> <span class='ocrx_word' id='word_1_250' title='bbox 667 3260 713 3308; x_wconf 75' lang='lat' dir='ltr'>D‘.</span> <span class='ocrx_word' id='word_1_251' title='bbox 736 3267 863 3325; x_wconf 76' lang='lat' dir='ltr'>peraqcrct</span> <span class='ocrx_word' id='word_1_252' title='bbox 877 3261 954 3324; x_wconf 72' lang='lat' dir='ltr'>ettam,</span> <span class='ocrx_word' id='word_1_253' title='bbox 970 3279 993 3313; x_wconf 85' lang='lat' dir='ltr'>a.</span> <span class='ocrx_word' id='word_1_254' title='bbox 1016 3271 1120 3328; x_wconf 79' lang='lat' dir='ltr'>perapat</span> <span class='ocrx_word' id='word_1_255' title='bbox 1133 3263 1212 3326; x_wconf 81' lang='lat' dir='ltr'>etiam,</span> 
     </span>
     <span class='ocr_line' id='line_1_30' title="bbox 169 3344 390 3378; baseline 0.014 -3"><span class='ocrx_word' id='word_1_256' title='bbox 169 3361 176 3375; x_wconf 91' lang='lat'>.</span> <span class='ocrx_word' id='word_1_257' title='bbox 195 3366 225 3377; x_wconf 83' lang='lat'>..</span> <span class='ocrx_word' id='word_1_258' title='bbox 242 3344 339 3377; x_wconf 84' lang='lat' dir='ltr'>serrru</span> <span class='ocrx_word' id='word_1_259' title='bbox 384 3364 390 3378; x_wconf 91' lang='lat'>.</span> 
     </span>
    </p>

    <p class='ocr_par' dir='ltr' id='par_1_8' title="bbox 21 3339 1213 3798">
     <span class='ocr_line' id='line_1_31' title="bbox 21 3339 1212 3463; baseline 0.006 -25"><span class='ocrx_word' id='word_1_260' title='bbox 21 3388 32 3417; x_wconf 82' lang='lat'>&#39;&#39;</span> <span class='ocrx_word' id='word_1_261' title='bbox 77 3448 81 3455; x_wconf 25' lang='lat'>⁸</span> <span class='ocrx_word' id='word_1_262' title='bbox 140 3339 220 3456; x_wconf 62' lang='lat' dir='ltr'>§rloss¹</span> <span class='ocrx_word' id='word_1_263' title='bbox 238 3403 264 3442; x_wconf 84' lang='lat' dir='ltr'>at</span> <span class='ocrx_word' id='word_1_264' title='bbox 275 3366 402 3459; x_wconf 58' lang='lat' dir='ltr'>damase</span> <span class='ocrx_word' id='word_1_265' title='bbox 416 3399 455 3445; x_wconf 79' lang='grc'>99.</span> <span class='ocrx_word' id='word_1_266' title='bbox 469 3435 500 3443; x_wconf 90' lang='grc'>..</span> <span class='ocrx_word' id='word_1_267' title='bbox 511 3393 988 3461; x_wconf 72' lang='lat' dir='ltr'>fhrerrtprimo-amypdalae,¹1&#39;d.-</span> <span class='ocrx_word' id='word_1_268' title='bbox 1004 3413 1098 3463; x_wconf 84' lang='lat' dir='ltr'>pomum</span> <span class='ocrx_word' id='word_1_269' title='bbox 1110 3405 1212 3459; x_wconf 85' lang='lat' dir='ltr'>matura,</span> 
     </span>
     <span class='ocr_line' id='line_1_32' title="bbox 111 3461 1213 3530; baseline 0.004 -20"><span class='ocrx_word' id='word_1_270' title='bbox 111 3474 133 3511; x_wconf 74' lang='lat' dir='ltr'>a</span> <span class='ocrx_word' id='word_1_271' title='bbox 144 3476 236 3523; x_wconf 82' lang='lat' dir='ltr'>porrum</span> <span class='ocrx_word' id='word_1_272' title='bbox 246 3471 376 3524; x_wconf 81' lang='lat' dir='ltr'>maturant,</span> <span class='ocrx_word' id='word_1_273' title='bbox 387 3466 411 3514; x_wconf 84' lang='lat' dir='ltr'>d.</span> <span class='ocrx_word' id='word_1_274' title='bbox 432 3478 500 3526; x_wconf 89' lang='lat' dir='ltr'>pomo</span> <span class='ocrx_word' id='word_1_275' title='bbox 512 3469 614 3524; x_wconf 82' lang='lat' dir='ltr'>matura,</span> <span class='ocrx_word' id='word_1_276' title='bbox 625 3480 645 3512; x_wconf 91' lang='lat' dir='ltr'>r.</span> <span class='ocrx_word' id='word_1_277' title='bbox 664 3505 695 3513; x_wconf 83' lang='lat'>-</span> <span class='ocrx_word' id='word_1_278' title='bbox 710 3465 841 3529; x_wconf 77' lang='lat' dir='ltr'>proximae,</span> <span class='ocrx_word' id='word_1_279' title='bbox 854 3481 876 3515; x_wconf 79' lang='lat' dir='ltr'>a</span> <span class='ocrx_word' id='word_1_280' title='bbox 896 3466 1010 3529; x_wconf 75' lang='lat' dir='ltr'>proxime,</span> <span class='ocrx_word' id='word_1_281' title='bbox 1023 3461 1094 3530; x_wconf 76' lang='grc' dir='ltr'>ἁβγ.</span> <span class='ocrx_word' id='word_1_282' title='bbox 1114 3506 1145 3514; x_wconf 92' lang='grc'>..</span> <span class='ocrx_word' id='word_1_283' title='bbox 1163 3464 1213 3514; x_wconf 81' lang='lat' dir='ltr'>Ar-</span> 
     </span>
     <span class='ocr_line' id='line_1_33' title="bbox 113 3528 1212 3595; baseline 0.006 -20"><span class='ocrx_word' id='word_1_284' title='bbox 113 3528 182 3576; x_wconf 70' lang='lat' dir='ltr'>naria</span> <span class='ocrx_word' id='word_1_285' title='bbox 191 3528 274 3579; x_wconf 85' lang='lat' dir='ltr'>cadent</span> <span class='ocrx_word' id='word_1_286' title='bbox 287 3531 319 3592; x_wconf 84' lang='lat' dir='ltr'>irr,</span> <span class='ocrx_word' id='word_1_287' title='bbox 332 3548 355 3580; x_wconf 85' lang='lat' dir='ltr'>a.</span> <span class='ocrx_word' id='word_1_288' title='bbox 380 3529 495 3579; x_wconf 81' lang='lat' dir='ltr'>Arrneaia</span> <span class='ocrx_word' id='word_1_289' title='bbox 510 3529 598 3579; x_wconf 80' lang='lat' dir='ltr'>cadant</span> <span class='ocrx_word' id='word_1_290' title='bbox 615 3529 647 3593; x_wconf 84' lang='lat' dir='ltr'>in,</span> <span class='ocrx_word' id='word_1_291' title='bbox 664 3534 687 3582; x_wconf 90' lang='lat' dir='ltr'>d.</span> <span class='ocrx_word' id='word_1_292' title='bbox 706 3573 736 3581; x_wconf 90' lang='lat'>..</span> <span class='ocrx_word' id='word_1_293' title='bbox 758 3531 847 3594; x_wconf 65' lang='lat' dir='ltr'>laad.</span> <span class='ocrx_word' id='word_1_294' title='bbox 873 3549 910 3595; x_wconf 82' lang='lat' dir='ltr'>ac,</span> <span class='ocrx_word' id='word_1_295' title='bbox 923 3551 946 3584; x_wconf 87' lang='lat' dir='ltr'>a.</span> <span class='ocrx_word' id='word_1_296' title='bbox 963 3575 995 3584; x_wconf 91' lang='grc'>..</span> <span class='ocrx_word' id='word_1_297' title='bbox 1016 3532 1212 3594; x_wconf 62' lang='lat' dir='ltr'>carnaea-111</span> 
     </span>
     <span class='ocr_line' id='line_1_34' title="bbox 114 3593 1212 3664; baseline 0.005 -22"><span class='ocrx_word' id='word_1_298' title='bbox 114 3593 160 3645; x_wconf 82' lang='lat' dir='ltr'>boc</span> <span class='ocrx_word' id='word_1_299' title='bbox 168 3598 268 3648; x_wconf 89' lang='lat' dir='ltr'>nomine</span> <span class='ocrx_word' id='word_1_300' title='bbox 280 3600 410 3650; x_wconf 86' lang='lat' dir='ltr'>scribendo</span> <span class='ocrx_word' id='word_1_301' title='bbox 424 3600 520 3649; x_wconf 88' lang='lat' dir='ltr'>codices</span> <span class='ocrx_word' id='word_1_302' title='bbox 532 3600 639 3659; x_wconf 86' lang='lat' dir='ltr'>variant,</span> <span class='ocrx_word' id='word_1_303' title='bbox 655 3608 684 3649; x_wconf 89' lang='lat' dir='ltr'>ut</span> <span class='ocrx_word' id='word_1_304' title='bbox 694 3602 735 3649; x_wconf 80' lang='lat' dir='ltr'>vel</span> <span class='ocrx_word' id='word_1_305' title='bbox 746 3602 835 3664; x_wconf 86' lang='lat' dir='ltr'>optimi</span> <span class='ocrx_word' id='word_1_306' title='bbox 846 3605 924 3652; x_wconf 87' lang='lat' dir='ltr'>modo</span> <span class='ocrx_word' id='word_1_307' title='bbox 936 3604 1069 3662; x_wconf 77' lang='lat' dir='ltr'>sambucus,</span> <span class='ocrx_word' id='word_1_308' title='bbox 1085 3599 1162 3650; x_wconf 78' lang='lat' dir='ltr'>modo&#39;</span> <span class='ocrx_word' id='word_1_309' title='bbox 1172 3616 1212 3648; x_wconf 77' lang='lat' dir='ltr'>sa·</span> 
     </span>
     <span class='ocr_line' id='line_1_35' title="bbox 117 3659 1212 3734; baseline 0.002 -17"><span class='ocrx_word' id='word_1_310' title='bbox 117 3659 178 3711; x_wconf 63' lang='lat' dir='ltr'>lter</span> <span class='ocrx_word' id='word_1_311' title='bbox 193 3667 342 3729; x_wconf 75' lang='lat' dir='ltr'>exhibeant,</span> <span class='ocrx_word' id='word_1_312' title='bbox 360 3667 449 3716; x_wconf 84' lang='lat' dir='ltr'>retinui</span> <span class='ocrx_word' id='word_1_313' title='bbox 465 3668 541 3730; x_wconf 84' lang='lat' dir='ltr'>igitur</span> <span class='ocrx_word' id='word_1_314' title='bbox 556 3669 706 3731; x_wconf 82' lang='lat' dir='ltr'>scripturam</span> <span class='ocrx_word' id='word_1_315' title='bbox 717 3670 855 3732; x_wconf 82' lang='lat' dir='ltr'>vulgatam,</span> <span class='ocrx_word' id='word_1_316' title='bbox 876 3685 1029 3734; x_wconf 85' lang='lat' dir='ltr'>quamquam</span> <span class='ocrx_word' id='word_1_317' title='bbox 1040 3684 1093 3718; x_wconf 90' lang='lat' dir='ltr'>non</span> <span class='ocrx_word' id='word_1_318' title='bbox 1104 3670 1212 3719; x_wconf 91' lang='lat' dir='ltr'>multum</span> 
     </span>
     <span class='ocr_line' id='line_1_36' title="bbox 117 3728 1211 3798; baseline 0.007 -19"><span class='ocrx_word' id='word_1_319' title='bbox 117 3728 192 3793; x_wconf 77' lang='lat' dir='ltr'>abluit,</span> <span class='ocrx_word' id='word_1_320' title='bbox 209 3735 268 3798; x_wconf 88' lang='lat' dir='ltr'>quin</span> <span class='ocrx_word' id='word_1_321' title='bbox 286 3736 390 3785; x_wconf 82' lang='lat' dir='ltr'>alteram</span> <span class='ocrx_word' id='word_1_322' title='bbox 405 3736 526 3784; x_wconf 83' lang='lat' dir='ltr'>veriorem</span> <span class='ocrx_word' id='word_1_323' title='bbox 542 3734 670 3785; x_wconf 88' lang='lat' dir='ltr'>haberem.</span> <span class='ocrx_word' id='word_1_324' title='bbox 688 3777 719 3785; x_wconf 85' lang='grc'><strong>-</strong></span> <span class='ocrx_word' id='word_1_325' title='bbox 738 3735 843 3797; x_wconf 69' lang='lat' dir='ltr'>macab,</span> <span class='ocrx_word' id='word_1_326' title='bbox 859 3753 882 3787; x_wconf 85' lang='lat' dir='ltr'>a.</span> <span class='ocrx_word' id='word_1_327' title='bbox 902 3777 933 3786; x_wconf 87' lang='grc'>..</span> <span class='ocrx_word' id='word_1_328' title='bbox 951 3739 1105 3796; x_wconf 75' lang='lat' dir='ltr'>urbanorum,</span> <span class='ocrx_word' id='word_1_329' title='bbox 1116 3737 1162 3788; x_wconf 88' lang='lat' dir='ltr'>ad.</span> <span class='ocrx_word' id='word_1_330' title='bbox 1180 3778 1211 3787; x_wconf 93' lang='grc'>..</span> 
     </span>
    </p>

    <p class='ocr_par' dir='ltr' id='par_1_9' title="bbox 24 3796 574 3867">
     <span class='ocr_line' id='line_1_37' title="bbox 24 3796 574 3867; baseline 0.007 -19"><span class='ocrx_word' id='word_1_331' title='bbox 24 3862 28 3867; x_wconf 32' lang='grc'><strong>,</strong></span> <span class='ocrx_word' id='word_1_332' title='bbox 116 3797 180 3858; x_wconf 74' lang='lat' dir='ltr'>parsit</span> <span class='ocrx_word' id='word_1_333' title='bbox 188 3799 268 3860; x_wconf 78' lang='lat' dir='ltr'>mdcrr&#39;,</span> <span class='ocrx_word' id='word_1_334' title='bbox 280 3805 325 3853; x_wconf 84' lang='lat' dir='ltr'>ad.</span> <span class='ocrx_word' id='word_1_335' title='bbox 347 3801 423 3851; x_wconf 69' lang='lat' dir='ltr'>vileri</span> <span class='ocrx_word' id='word_1_336' title='bbox 429 3802 512 3866; x_wconf 73' lang='lat' dir='ltr'>possit,</span> <span class='ocrx_word' id='word_1_337' title='bbox 523 3796 574 3866; x_wconf 77' lang='grc' dir='ltr'>βγ.</span> 
     </span>
    </p>

    <p class='ocr_par' dir='ltr' id='par_1_10' title="bbox 55 3866 1233 4343">
     <span class='ocr_line' id='line_1_38' title="bbox 170 3866 1213 3936; baseline 0.007 -21"><span class='ocrx_word' id='word_1_338' title='bbox 170 3870 222 3920; x_wconf 83' lang='grc'><strong>104.</strong></span> <span class='ocrx_word' id='word_1_339' title='bbox 239 3868 316 3930; x_wconf 77' lang='lat' dir='ltr'>illam,</span> <span class='ocrx_word' id='word_1_340' title='bbox 327 3871 377 3920; x_wconf 81' lang='lat' dir='ltr'>Ta</span> <span class='ocrx_word' id='word_1_341' title='bbox 399 3869 516 3932; x_wconf 83' lang='lat' dir='ltr'>illamque,</span> <span class='ocrx_word' id='word_1_342' title='bbox 529 3866 598 3935; x_wconf 75' lang='grc' dir='ltr'>ᾱβγ.</span> <span class='ocrx_word' id='word_1_343' title='bbox 617 3911 649 3919; x_wconf 83' lang='grc'>-</span> <span class='ocrx_word' id='word_1_344' title='bbox 666 3877 689 3918; x_wconf 86' lang='lat' dir='ltr'>ct</span> <span class='ocrx_word' id='word_1_345' title='bbox 700 3870 764 3933; x_wconf 80' lang='lat' dir='ltr'>vites,</span> <span class='ocrx_word' id='word_1_346' title='bbox 777 3873 819 3921; x_wconf 82' lang='lat' dir='ltr'>ad</span> <span class='ocrx_word' id='word_1_347' title='bbox 842 3878 870 3919; x_wconf 85' lang='lat' dir='ltr'>at</span> <span class='ocrx_word' id='word_1_348' title='bbox 880 3870 945 3932; x_wconf 81' lang='lat' dir='ltr'>vites,</span> <span class='ocrx_word' id='word_1_349' title='bbox 955 3866 1006 3936; x_wconf 76' lang='grc' dir='ltr'>βγ.</span> <span class='ocrx_word' id='word_1_350' title='bbox 1026 3913 1056 3922; x_wconf 87' lang='grc'>..</span> <span class='ocrx_word' id='word_1_351' title='bbox 1075 3871 1118 3934; x_wconf 75' lang='lat' dir='ltr'>bis,</span> <span class='ocrx_word' id='word_1_352' title='bbox 1129 3888 1154 3924; x_wconf 88' lang='lat' dir='ltr'>a.</span> <span class='ocrx_word' id='word_1_353' title='bbox 1176 3872 1213 3936; x_wconf 76' lang='lat' dir='ltr'>r‘r&#39;s,</span> 
     </span>
     <span class='ocr_line' id='line_1_39' title="bbox 120 3929 1011 4002; baseline 0.001 -14"><span class='ocrx_word' id='word_1_354' title='bbox 120 3929 135 3978; x_wconf 76' lang='lat' dir='ltr'>(l</span> <span class='ocrx_word' id='word_1_355' title='bbox 158 3947 179 3996; x_wconf 75' lang='lat' dir='ltr'>r·</span> <span class='ocrx_word' id='word_1_356' title='bbox 196 3977 227 3986; x_wconf 77' lang='grc'><strong>-</strong></span> <span class='ocrx_word' id='word_1_357' title='bbox 251 3938 279 3988; x_wconf 86' lang='lat' dir='ltr'>V.</span> <span class='ocrx_word' id='word_1_358' title='bbox 292 3936 351 3998; x_wconf 77' lang='lat' dir='ltr'>idus,</span> <span class='ocrx_word' id='word_1_359' title='bbox 362 3939 505 3988; x_wconf 85' lang='lat' dir='ltr'>Pontedera</span> <span class='ocrx_word' id='word_1_360' title='bbox 516 3939 640 4001; x_wconf 84' lang='lat' dir='ltr'>antiquitt.</span> <span class='ocrx_word' id='word_1_361' title='bbox 653 3953 678 4001; x_wconf 91' lang='lat' dir='ltr'>p.</span> <span class='ocrx_word' id='word_1_362' title='bbox 691 3942 748 3987; x_wconf 86' lang='grc'>389.</span> <span class='ocrx_word' id='word_1_363' title='bbox 767 3981 797 3989; x_wconf 88' lang='grc'>,.</span> <span class='ocrx_word' id='word_1_364' title='bbox 814 3954 975 4002; x_wconf 77' lang='lat' dir='ltr'>praecursum,</span> <span class='ocrx_word' id='word_1_365' title='bbox 987 3943 1011 3990; x_wconf 78' lang='lat' dir='ltr'>d</span> 
     </span>
     <span class='ocr_line' id='line_1_40' title="bbox 71 4000 1213 4071; baseline 0.006 -19"><span class='ocrx_word' id='word_1_366' title='bbox 71 4014 74 4021; x_wconf 94' lang='grc'><strong><em>·</em></strong></span> <span class='ocrx_word' id='word_1_367' title='bbox 144 4000 223 4065; x_wconf 65' lang='grc'><strong>1105.</strong></span> <span class='ocrx_word' id='word_1_368' title='bbox 240 4021 270 4054; x_wconf 81' lang='lat' dir='ltr'>er</span> <span class='ocrx_word' id='word_1_369' title='bbox 280 4003 405 4068; x_wconf 77' lang='lat' dir='ltr'>aliquibus,</span> <span class='ocrx_word' id='word_1_370' title='bbox 416 4007 448 4056; x_wconf 83' lang='lat' dir='ltr'>T.</span> <span class='ocrx_word' id='word_1_371' title='bbox 469 4045 496 4054; x_wconf 82' lang='grc'>,.</span> <span class='ocrx_word' id='word_1_372' title='bbox 516 4005 664 4066; x_wconf 75' lang='lat' dir='ltr'>animalibus,</span> <span class='ocrx_word' id='word_1_373' title='bbox 677 4005 708 4054; x_wconf 87' lang='lat' dir='ltr'>T.</span> <span class='ocrx_word' id='word_1_374' title='bbox 727 4005 845 4056; x_wconf 82' lang='lat' dir='ltr'>Ceterum</span> <span class='ocrx_word' id='word_1_375' title='bbox 856 4022 879 4055; x_wconf 83' lang='lat' dir='ltr'>v.</span> <span class='ocrx_word' id='word_1_376' title='bbox 892 4007 1021 4071; x_wconf 84' lang='lat' dir='ltr'>Theophr.</span> <span class='ocrx_word' id='word_1_377' title='bbox 1033 4009 1051 4057; x_wconf 91' lang='lat' dir='ltr'>l.</span> <span class='ocrx_word' id='word_1_378' title='bbox 1062 4008 1079 4056; x_wconf 96' lang='lat' dir='ltr'>l.</span> <span class='ocrx_word' id='word_1_379' title='bbox 1091 4007 1139 4057; x_wconf 85' lang='lat' dir='ltr'>m.</span> <span class='ocrx_word' id='word_1_380' title='bbox 1152 4015 1176 4070; x_wconf 74' lang='lat' dir='ltr'>t,</span> <span class='ocrx_word' id='word_1_381' title='bbox 1189 4016 1213 4059; x_wconf 86' lang='lat'>3.</span> 
     </span>
     <span class='ocr_line' id='line_1_41' title="bbox 122 4067 1213 4139; baseline 0.001 -15.948"><span class='ocrx_word' id='word_1_382' title='bbox 122 4067 257 4135; x_wconf 41' lang='lat' dir='ltr'>*alapam</span> <span class='ocrx_word' id='word_1_383' title='bbox 273 4082 296 4122; x_wconf 84' lang='lat' dir='ltr'>et</span> <span class='ocrx_word' id='word_1_384' title='bbox 310 4072 395 4134; x_wconf 78' lang='lat' dir='ltr'>inutili,</span> <span class='ocrx_word' id='word_1_385' title='bbox 411 4090 430 4124; x_wconf 89' lang='lat' dir='ltr'>r.</span> <span class='ocrx_word' id='word_1_386' title='bbox 449 4072 570 4137; x_wconf 74' lang='lat' dir='ltr'>surripere</span> <span class='ocrx_word' id='word_1_387' title='bbox 582 4082 605 4122; x_wconf 81' lang='lat' dir='ltr'>ct</span> <span class='ocrx_word' id='word_1_388' title='bbox 615 4070 700 4132; x_wconf 81' lang='lat' dir='ltr'>inutili,</span> <span class='ocrx_word' id='word_1_389' title='bbox 712 4090 735 4123; x_wconf 88' lang='lat' dir='ltr'>a.</span> <span class='ocrx_word' id='word_1_390' title='bbox 753 4073 1004 4139; x_wconf 75' lang='lat' dir='ltr'>funpametirrutilr&#39;s,</span> <span class='ocrx_word' id='word_1_391' title='bbox 1018 4070 1089 4139; x_wconf 78' lang='grc' dir='ltr'><em>ἀβγ.</em></span> <span class='ocrx_word' id='word_1_392' title='bbox 1107 4117 1138 4126; x_wconf 82' lang='lat'><em>-</em></span> <span class='ocrx_word' id='word_1_393' title='bbox 1162 4091 1213 4126; x_wconf 86' lang='lat' dir='ltr'>cum</span> 
     </span>
     <span class='ocr_line' id='line_1_42' title="bbox 62 4138 1178 4208; baseline 0.004 -20"><span class='ocrx_word' id='word_1_394' title='bbox 62 4166 67 4205; x_wconf 81' lang='lat'>.&#39;</span> <span class='ocrx_word' id='word_1_395' title='bbox 122 4140 303 4198; x_wconf 63' lang='lat' dir='ltr'>menerba.</span> <span class='ocrx_word' id='word_1_396' title='bbox 317 4143 341 4191; x_wconf 91' lang='lat' dir='ltr'>d.</span> <span class='ocrx_word' id='word_1_397' title='bbox 358 4157 448 4190; x_wconf 77' lang='lat' dir='ltr'>sumata</span> <span class='ocrx_word' id='word_1_398' title='bbox 459 4156 491 4202; x_wconf 82' lang='lat' dir='ltr'>se,</span> <span class='ocrx_word' id='word_1_399' title='bbox 504 4156 527 4190; x_wconf 88' lang='lat' dir='ltr'>a.</span> <span class='ocrx_word' id='word_1_400' title='bbox 541 4181 572 4190; x_wconf 74' lang='grc'><strong>-</strong></span> <span class='ocrx_word' id='word_1_401' title='bbox 590 4139 774 4205; x_wconf 76' lang='lat' dir='ltr'>durissimisque,</span> <span class='ocrx_word' id='word_1_402' title='bbox 786 4143 832 4192; x_wconf 73' lang='lat' dir='ltr'>D&#39;2.</span> <span class='ocrx_word' id='word_1_403' title='bbox 850 4157 901 4205; x_wconf 86' lang='lat' dir='ltr'>que,</span> <span class='ocrx_word' id='word_1_404' title='bbox 913 4144 1001 4192; x_wconf 83' lang='lat' dir='ltr'>D¹ad</span> <span class='ocrx_word' id='word_1_405' title='bbox 1019 4158 1116 4206; x_wconf 83' lang='lat' dir='ltr'>quoquc,</span> <span class='ocrx_word' id='word_1_406' title='bbox 1127 4138 1178 4208; x_wconf 76' lang='grc' dir='ltr'>βγ.</span> 
     </span>
     <span class='ocr_line' id='line_1_43' title="bbox 60 4198 1233 4278; baseline 0.007 -23"><span class='ocrx_word' id='word_1_407' title='bbox 60 4210 65 4219; x_wconf 90' lang='grc'><strong>’</strong></span> <span class='ocrx_word' id='word_1_408' title='bbox 145 4198 229 4278; x_wconf 55' lang='lat'>5106.</span> <span class='ocrx_word' id='word_1_409' title='bbox 254 4207 315 4260; x_wconf 84' lang='lat' dir='ltr'>Scau</span> <span class='ocrx_word' id='word_1_410' title='bbox 332 4217 366 4269; x_wconf 85' lang='lat' dir='ltr'>ct,</span> <span class='ocrx_word' id='word_1_411' title='bbox 383 4224 406 4258; x_wconf 90' lang='lat' dir='ltr'>a.</span> <span class='ocrx_word' id='word_1_412' title='bbox 432 4207 544 4277; x_wconf 64' lang='lat' dir='ltr'>sarar,</span> <span class='ocrx_word' id='word_1_413' title='bbox 562 4211 586 4258; x_wconf 91' lang='lat' dir='ltr'>d.</span> <span class='ocrx_word' id='word_1_414' title='bbox 610 4249 641 4257; x_wconf 88' lang='lat'>..</span> <span class='ocrx_word' id='word_1_415' title='bbox 669 4210 803 4272; x_wconf 80' lang='lat' dir='ltr'>praecocia.</span> <span class='ocrx_word' id='word_1_416' title='bbox 820 4208 1116 4274; x_wconf 73' lang='lat' dir='ltr'>Aatsmucplaadr&#39;ferae5</span> <span class='ocrx_word' id='word_1_417' title='bbox 1138 4209 1233 4263; x_wconf 64' lang='lat' dir='ltr'>raim.</span> 
     </span>
     <span class='ocr_line' id='line_1_44' title="bbox 55 4272 1167 4343; baseline 0.001 -18"><span class='ocrx_word' id='word_1_418' title='bbox 55 4286 62 4299; x_wconf 89' lang='grc'><em>“</em></span> <span class='ocrx_word' id='word_1_419' title='bbox 121 4272 230 4331; x_wconf 59' lang='lat' dir='ltr'>mmm</span> <span class='ocrx_word' id='word_1_420' title='bbox 242 4274 393 4341; x_wconf 74' lang='lat' dir='ltr'>verpilr&#39;arum</span> <span class='ocrx_word' id='word_1_421' title='bbox 405 4274 496 4343; x_wconf 52' lang='lat' dir='ltr'>eosqui</span> <span class='ocrx_word' id='word_1_422' title='bbox 513 4274 651 4333; x_wconf 72' lang='lat' dir='ltr'>desolatae,</span> <span class='ocrx_word' id='word_1_423' title='bbox 664 4276 696 4326; x_wconf 88' lang='lat' dir='ltr'>K.</span> <span class='ocrx_word' id='word_1_424' title='bbox 1155 4272 1167 4285; x_wconf 88' lang='lat'>&#39;</span> 
     </span>
    </p>
   </div>
   <div class='ocr_carea' id='block_1_4' title="bbox 159 4554 228 4609">
    <p class='ocr_par' dir='ltr' id='par_1_11' title="bbox 159 4554 228 4609">
     <span class='ocr_line' id='line_1_45' title="bbox 159 4554 228 4609; baseline -0.043 0"><span class='ocrx_word' id='word_1_425' title='bbox 159 4554 191 4609; x_wconf 72' lang='lat' dir='ltr'>r&#39;&#39;&#39;:</span> <span class='ocrx_word' id='word_1_426' title='bbox 223 4590 228 4606; x_wconf 79' lang='grc'><strong>.</strong></span> 
     </span>
    </p>
   </div>
   <div class='ocr_carea' id='block_1_5' title="bbox 10 4614 226 4708">
    <p class='ocr_par' dir='ltr' id='par_1_12' title="bbox 10 4614 226 4708">
     <span class='ocr_line' id='line_1_46' title="bbox 10 4614 226 4708; baseline 0 -1"><span class='ocrx_word' id='word_1_427' title='bbox 10 4648 22 4707; x_wconf 62' lang='grc' dir='ltr'>,ἶ</span> <span class='ocrx_word' id='word_1_428' title='bbox 44 4676 90 4707; x_wconf 68' lang='lat' dir='ltr'>..nr</span> <span class='ocrx_word' id='word_1_429' title='bbox 103 4614 174 4708; x_wconf 47' lang='lat' dir='ltr'>eds</span> <span class='ocrx_word' id='word_1_430' title='bbox 218 4654 226 4707; x_wconf 67' lang='lat' dir='ltr'>,s</span> 
     </span>
    </p>
   </div>
   <div class='ocr_carea' id='block_1_6' title="bbox 0 0 1399 4726">
    <p class='ocr_par' dir='ltr' id='par_1_13' title="bbox 0 0 1399 4726">
     <span class='ocr_line' id='line_1_47' title="bbox 0 0 1399 4726; baseline 0 0"><span class='ocrx_word' id='word_1_431' title='bbox 0 0 1399 4726; x_wconf 95' lang='lat' dir='ltr'> </span> 
     </span>
    </p>
   </div>
  </div>
 </body>
</html>
