2754 4726
120 322 139 382 2
472 333 675 382 NATURALIS
697 333 891 381 macomus

118 493 242 570 partem
257 485 366 550 maris.
387 483 456 549 Illic
470 485 586 549 misera
607 507 687 570 gens
701 485 840 549 tumulos
859 483 982 569 optinet
998 483 1078 549 altos
1099 498 1155 549 aut
1177 486 1262 551 tri-³

118 584 249 650 bunalia
269 595 433 652 exstructa
453 585 600 651 manibus
627 584 669 649 ad
696 585 914 671 experimenta
941 584 1088 650 altissimi
1114 596 1234 664 aestus,

119 682 201 750 casis
221 683 268 750 ita
288 684 447 771 inpositis,
476 684 702 772 navigantibus
726 685 843 750 similes
872 707 945 750 cum
965 684 1111 772 integant
1131 707 1234 769 aquae

119 782 325 864 circumdata,
346 784 508 872 naufragis
530 807 606 848 uero
621 807 694 849 cum
707 784 908 862 recesserint,
930 784 1146 869 fugientisque
1160 807 1234 850 cum

118 884 198 949 mari
224 884 324 970 piscis
351 885 435 951 circa
465 884 593 971 tuguria
619 894 783 950 venantur.
819 883 893 949 Non
920 884 1077 968 pecudem
1103 884 1153 950 his
1174 885 1233 951 ha-

83 968 86 984 ’
118 984 204 1064 bere,
235 1008 299 1050 non
320 987 402 1050 lacte
425 984 467 1048 ali
487 994 524 1047 ut
544 983 698 1061 finitimis,
727 1007 768 1048 ne
796 1006 868 1048 cum
890 984 967 1048 feris
988 984 1117 1068 quidem
1139 985 1233 1049 dimi-

117 1106 189 1148 care
212 1085 378 1170 contingit,
401 1082 487 1149 omui
509 1083 621 1170 procul
642 1084 755 1149 abacto
777 1084 901 1150 frutice.
936 1083 1023 1150 Ulva
1045 1094 1076 1149 et
1097 1085 1263 1169 palustris

116 1185 210 1249 iunco
231 1184 318 1248 finis
339 1194 471 1250 nectunt
492 1183 533 1247 ad
553 1184 770 1269 praetexenda
790 1182 934 1269 piscibus
947 1183 1027 1248 retia
1041 1195 1232 1269 captumque

117 1284 263 1349 manibus
284 1284 388 1349 lutum
408 1285 512 1349 ventis
533 1285 635 1370 magis
658 1306 754 1369 quam
776 1284 842 1348 sole
865 1284 1020 1350 siccantes
1042 1295 1127 1349 terra
1144 1287 1232 1351 cibos

118 1397 150 1450 et
170 1384 309 1472 rigentia
336 1385 551 1471 septentrione
580 1384 702 1451 viscera
732 1407 790 1451 sua
816 1394 928 1461 urunt3
956 1395 1052 1470 potus
1077 1407 1142 1449 non
1169 1385 1232 1450 nisi

22 1559 25 1563 ,
117 1508 156 1549 ex
178 1484 279 1549 imbre
302 1496 428 1550 servato
451 1483 616 1551 scrobibus
637 1485 671 1548 in
693 1484 850 1550 vestibulo
872 1483 995 1549 domus.
1018 1483 1064 1549 Et
1077 1484 1137 1549 hae
1151 1508 1231 1571 gen-

116 1595 175 1664 tes,
200 1586 227 1650 si
248 1585 417 1650 vincantur
438 1584 531 1651 hodie
553 1608 573 1648 a
594 1585 713 1670 populo
726 1585 884 1662 Romano,
908 1586 1026 1650 servire
1049 1608 1083 1649 se
1105 1585 1230 1650 dicuntl

115 1685 166 1748 Ita
188 1698 238 1749 est
257 1686 416 1771 profecto:
440 1684 548 1750 multis
569 1684 698 1749 fortuna
718 1684 846 1769 parcior
867 1685 900 1747 in
922 1706 1065 1768 poenam.

159 1787 189 1849 2.
218 1785 320 1849 Aliud
342 1808 359 1849 e
382 1785 469 1849 silvis
490 1784 695 1849 miraculum:
725 1794 822 1848 totam
849 1782 1003 1867 reliquam
1026 1783 1260 1850 Germaniams

115 1885 239 1969 replent
260 1885 445 1968 adduntque
459 1883 571 1969 frigori
590 1884 730 1962 umbras,
752 1883 922 1949 altissimae
937 1896 1041 1948 tamen
1054 1883 1140 1947 haud
1155 1907 1231 1969 pro-

117 1985 169 2049 cul
190 2007 287 2070 supra
308 1984 402 2050 dictis
425 1982 564 2049 Chaucis
585 1983 669 2049 circa
691 1984 772 2050 duos
793 1984 967 2070 praecipue
989 1984 1087 2048 lacus.
1116 1983 1231 2048 Litora

60 2090 63 2095 ’
115 2084 186 2171 ipsa
207 2086 352 2171 optinent
365 2072 501 2168 quercus
515 2106 666 2147 maxuma
686 2083 838 2150 aviditate
858 2081 1021 2160 nascendi,
1048 2081 1230 2148 subfossae-

116 2207 178 2269 que
198 2185 349 2251 fluctibus
371 2194 426 2248 aut
447 2183 617 2268 propulsae
637 2182 767 2249 flatibus
788 2194 895 2250 vastas
916 2183 1072 2268 conplexu
1085 2183 1230 2248 radicum

117 2283 212 2347 silvas
235 2307 342 2350 secum
364 2284 511 2349 auferunt
534 2294 631 2367 atque
652 2284 697 2348 ita
718 2285 852 2349 libratae
868 2295 987 2348 stantes
1007 2283 1159 2372 navigant
1178 2284 1230 2349 in-

116 2383 258 2471 gentium
273 2406 433 2449 ramorum
448 2384 663 2463 armamentis,
687 2407 782 2470 saepe
802 2382 919 2448 territis
934 2384 1090 2449 classibus
1104 2385 1230 2463 nostris,

66 2567 69 2571 ‚
116 2506 189 2548 cum
210 2485 299 2549 velut
324 2484 481 2549 industria
506 2483 656 2549 fluctibus
682 2496 853 2572 agerentur
878 2482 910 2547 in
939 2505 1051 2570 proras
1079 2483 1231 2548 stantium

116 2595 214 2648 noctu
236 2584 410 2669 inopesque
432 2585 553 2650 remedi
574 2584 619 2648 illi
636 2585 791 2670 proelium
804 2583 916 2649 navale
930 2585 1084 2649 adversus
1098 2583 1230 2650 arbores

116 2669 242 2748 iriirent.

158 2782 203 2848 ll.
231 2784 270 2849 In
292 2778 404 2849 eadem
427 2784 666 2869 septentrionali
687 2785 784 2870 plaga
804 2783 987 2866 Hercyniae
1014 2784 1113 2848 silvae
1133 2784 1259 2849 roho-o

115 2879 187 2948 rum
208 2885 340 2950 vastitas
360 2885 479 2948 intacta
501 2883 589 2948 aevis
611 2895 643 2949 et
664 2883 833 2969 congenita
853 2882 973 2946 mundo
991 2903 1093 2967 prope
1107 2881 1228 2946 inmor-

117 2983 172 3046 tali
194 2994 276 3050 sorte
297 2984 450 3049 miracula
472 2983 606 3048 excedit.
635 2983 685 3049 Ut
705 2983 775 3048 alia·
787 2982 972 3048 omittantur
992 2981 1055 3047 lide
1078 2983 1229 3061 caritura,

116 3093 241 3148 constat
262 3084 363 3148 attolli
385 3085 472 3150 collis
487 3083 720 3149 occursantium
734 3084 818 3149 inter
832 3105 866 3148 se
881 3082 1026 3148 radicum
1040 3106 1230 3169 repercussu

115 3194 180 3261 aut,
203 3184 258 3249 ubi
280 3192 389 3249 secuta
412 3184 504 3249 tellus
526 3186 655 3263 nonsit,
678 3207 771 3250 arcus
786 3184 827 3248 ad
841 3205 1064 3267 ramosasque
1086 3193 1119 3248 et
1139 3184 1230 3270 ipsos

145 3393 247 3448 partem,
259 3390 332 3438 Tad.
348 3405 417 3452 pars,
427 3406 448 3440 r.
462 3390 578 3454 partein,
590 3386 619 3452 β.
635 3398 728 3454 portas,
738 3405 757 3455 γ
769 3405 910 3455 operarum,
922 3400 951 3440 ut
961 3391 1067 3450 videtur,
1078 3389 1148 3438 vitio.

149 3454 199 3514 §d
218 3454 310 3516 obtinet,
321 3457 368 3506 D².
386 3456 497 3521 optineat,
509 3474 531 3507 a.
549 3457 658 3516 obtinent,
669 3458 737 3508 D¹d.
756 3499 787 3506 -
806 3459 916 3517 tarint.
936 3499 966 3506 ..
985 3463 1113 3515 assueta,
1125 3472 1148 3505 a.
1165 3463 1229 3504 stru·

115 3526 161 3579 cto,
171 3515 214 3580 dss
217 3534 242 3583 γ.
253 3563 283 3570 ..
296 3522 339 3583 ita,
349 3538 399 3572 om.
409 3539 428 3573 r.
439 3565 470 3572 -
483 3522 637 3585 circumdata,
646 3527 682 3574 ad
691 3522 776 3587 (codd
786 3522 890 3587 Galen.)
901 3523 1076 3585 circumdantes,
1084 3523 1117 3572 K.
1130 3521 1229 3570 cicum-

10 3593 13 3598 '
115 3584 195 3644 dotas,
206 3589 296 3640 Dalec.
317 3590 403 3655 Ipsam
415 3606 503 3641 vocem
516 3607 567 3641 om.
578 3591 645 3640 Pint.
668 3631 699 3640 ..
722 3591 864 3656 apamia,
876 3607 900 3642 a.
919 3632 950 3641 .-
973 3590 1017 3651 lit,
1029 3587 1142 3651 8(0⁰(1d·
1156 3588 1230 3652 (Μ)

115 3651 164 3713 los,
176 3654 228 3704 Τὰ.

149 3722 200 3784 §a
226 3721 356 3785 captantes,
367 3725 435 3777 Pint.
453 3766 484 3775 ..
509 3723 587 3785 lobon,
599 3724 693 3775 Sabell.
705 3765 737 3774 ..
756 3722 861 3774 cissam
870 3723 979 3787 rt‘qmtio,
992 3726 1016 3773 d.
1032 3719 1137 3772 mooted
1145 3722 1229 3785 ripam

116 3785 158 3846 aa,
169 3801 193 3837 a.
210 3787 306 3852 ciboque
316 3789 359 3839 sed
369 3791 472 3856 rbeatic
483 3794 524 3842 vel
535 3790 582 3840 sibi
590 3809 616 3840 oa
624 3791 765 3854 etriyoatin,
776 3793 850 3841 codd.
858 3791 970 3842 Barbari.
984 3831 1015 3840 ..
1028 3789 1149 3848 suberant,
1157 3791 1228 3839 Pint.

5 3910 8 3919 .
115 3893 148 3902 -
162 3861 240 3916 Pctus,
253 3856 325 3907 Tdr.
339 3858 426 3921 potina
438 3876 461 3909 a.
476 3867 547 3922 potas
557 3857 597 3918 iris,
608 3860 682 3909 codd.
701 3859 790 3910 Gelon.
802 3853 831 3919 β.
849 3897 880 3907 ..
899 3855 1038 3921 saeperita,
1050 3860 1067 3907 d
1079 3855 1164 3919 (codd.
1177 3857 1229 3908 Ge-

114 3918 180 3982 len.)
200 3931 302 3984 cessate,
314 3940 337 3974 a.
359 3924 405 3974 loe
417 3933 501 3987 terras,
513 3943 532 3975 r.
551 3965 583 3974 -
601 3925 708 3989 pcrctbr,
720 3941 743 3974 a.
762 3925 865 3988 partior,
877 3941 897 3974 r.
915 3924 1003 3988 parcit,
1016 3927 1031 3974 d
1037 3919 1089 3989 βγ.
1108 3921 1229 3987 parabor,

114 3987 202 4038 Dnlec.
221 4030 252 4039 ..
267 4007 377 4054 poenum,
390 3994 413 4042 d.
428 4009 515 4057 poeno,
527 4008 566 4042 ar.

149 4057 163 4118 ξ
177 4061 198 4106 5.
225 4055 327 4120 replent,
340 4062 356 4109 d
369 4057 455 4121 (codd.
465 4057 592 4120 Barbari).
614 4057 745 4122 reperiunt,
760 4051 788 4107 θ.
809 4057 924 4118 reserauit,
937 4073 979 4107 ar.
1003 4056 1127 4120 replerunt,
1138 4057 1227 4107 Dalcc.

114 4121 255 4185 vulgatam
272 4126 421 4189 scripturam
436 4127 495 4176 lerri
511 4141 562 4176 non
579 4140 653 4189 posse
670 4127 760 4177 docent
776 4133 801 4175 at
817 4133 913 4174 ceteras
929 4127 1045 4175 codicum
1056 4125 1186 4185 lectiones,
1203 4131 1230 4174 st

115 4192 184 4251 quod
200 4191 248 4241 hae
265 4193 343 4241 silvas
358 4208 412 4242 non
428 4201 532 4258 propter
541 4193 665 4243 ambitum
676 4208 758 4253 suum,
770 4194 814 4243 ssd
824 4197 928 4256 propter
938 4192 1096 4242 altitudinem
1108 4192 1229 4242 arborum

115 4253 151 4318 (v.
163 4259 249 4309 statim
261 4257 338 4322 iufra)
350 4261 520 4324 celebrantem
536 4260 596 4310 hinc
608 4261 766 4311 scribendum
780 4267 842 4325 puto
853 4258 983 4322 reseranti.
996 4272 1019 4308 s.
1030 4259 1057 4307 in
1068 4259 1229 4310 altitudinem
