2754 4726
160 301 222 364 226
501 284 716 359 'uernacula
737 309 933 358 marculus

160 464 187 532 si
209 463 337 543 nebula,
360 463 630 530 vehementiorem
637 486 646 538 3
670 462 697 526 si
719 460 875 527 candente
897 462 974 538 sole,
997 471 1145 536 ventum3
1168 460 1197 525 si
1211 472 1282 528 ater

159 565 298 632 circulus
312 564 418 643 fuerit,
443 587 484 629 ex
499 586 562 649 qua
576 562 707 649 regione
720 563 750 626 is
763 560 887 648 ruperit
902 584 946 640 se,
969 571 1101 626 ventum
1116 584 1282 650 magnum.

201 669 251 732 79.
289 667 453 730 Proxuma
483 665 548 731 sint
578 663 649 729 iure
680 664 775 728 lunae
805 661 986 750 praesagia.
1020 661 1178 744 Quartam
1210 685 1283 729 eam
1296 681 1345 729 ast

158 786 305 831 maxume
326 763 479 831 observat
501 766 690 854 Aegyptum
715 764 742 828 si
765 764 936 850 splendens
954 773 1066 828 exorta
1079 785 1164 849 puro
1177 764 1283 831 nitore

157 866 257 944 fulsit,
280 865 493 944 serenitatem,
528 865 555 930 si
581 863 771 938 rubicunda,
804 875 928 943 ventos,
962 864 990 929 si
1016 865 1123 950 nigra,
1155 865 1283 950 pluvias

156 968 348 1053 portendere
363 966 516 1033 creditur.
538 965 579 1029 In
600 966 712 1050 quinta
733 985 855 1030 cornua
878 966 947 1031 eius
968 974 1107 1050 optunsa
1128 965 1282 1052 pluviam,

157 1078 266 1133 erecta
291 1077 323 1132 et
351 1066 468 1132 infesta
497 1076 611 1160 ventos
647 1087 774 1151 semper
801 1064 999 1152 significant,
1032 1076 1147 1150 quarta
1174 1077 1283 1132 tamen

157 1188 317 1232 maxume.
353 1164 465 1232 Cornu
487 1167 555 1231 eius
578 1166 825 1251 septentrionale
846 1166 1062 1231 acuminatum
1084 1176 1180 1250 atque
1200 1165 1282 1252 rigi-

160 1266 238 1332 dum
258 1266 348 1330 illum
366 1267 530 1353 praesagit
550 1277 691 1344 ventum,
714 1264 848 1330 interius
867 1277 1022 1344 austrum,
1044 1276 1180 1350 utraque
1193 1276 1283 1331 recta

157 1377 285 1435 noctem
306 1377 481 1433 ventosam.
504 1362 541 1429 Si
562 1375 709 1449 quartam
730 1364 817 1429 orbis
839 1366 956 1431 rutilus
978 1366 1097 1454 cinget,
1120 1376 1154 1432 et
1167 1377 1282 1433 ventos

156 1481 191 1536 et
210 1469 322 1535 imbris
343 1465 572 1554 praemonebit.
604 1465 707 1553 Apud
728 1465 910 1531 Varronem
931 1467 977 1532 ita
998 1477 1063 1533 est:
1091 1466 1145 1546 „si
1167 1474 1343 1550 quartones

157 1569 210 1636 die
230 1571 308 1635 luna
329 1569 390 1635 erit
412 1566 543 1646 directa,
572 1589 722 1653 magnam
745 1577 971 1652 tempestatem
992 1570 1026 1635 iu
1046 1568 1128 1633 mari
1148 1591 1282 1654 praesa·
1323 1636 1329 1648 ,

158 1671 237 1757 giet,
260 1672 322 1736 nisi
344 1670 372 1736 si
394 1691 542 1735 eoronam
557 1668 644 1734 circa
659 1691 693 1733 se
707 1667 840 1733 habebit
854 1679 887 1734 et
901 1691 972 1734 eam
987 1668 1154 1747 sinceram,
1176 1690 1282 1752 quon·
1313 1710 1317 1715 -

157 1771 222 1836 iam
242 1771 297 1836 illo
318 1769 413 1836 modo
434 1792 499 1836 non
525 1779 599 1834 ante
620 1770 747 1856 plenam
768 1771 879 1835 lunam
900 1771 1113 1837 hiematurum
1130 1769 1282 1835 ostendit.

158 1867 198 1936 Si
218 1871 394 1958 plenilunio
415 1893 474 1956 per
496 1869 663 1935 dimidium
684 1893 767 1956 pura
788 1872 859 1949 erit,
882 1870 953 1936 dies
974 1893 1104 1936 serenos
1118 1869 1282 1958 significa-

159 1969 217 2051 bit,
232 1972 260 2037 si
280 1972 387 2052 rutila,
409 1981 532 2050 ventus,
551 1971 736 2060 nigrescens
749 1970 861 2037 imbris
868 1995 877 2048 3
901 1972 928 2037 si
943 1972 1047 2060 caligo
1061 1970 1149 2037 orbis
1162 1970 1283 2036 nubem

93 2058 99 2074 ’
158 2072 333 2150 incluserit,
354 2085 476 2150 ventos,
498 2094 562 2157 qua
586 2095 621 2138 se
642 2074 766 2159 ruperit
773 2098 783 2152 ;
807 2074 835 2138 si
855 2071 976 2161 gemini
998 2072 1091 2138 urbes
1113 2071 1283 2150 cinxerint,

158 2174 315 2239 maiorem
336 2182 574 2258 tempestatem,
596 2183 629 2237 et
649 2174 765 2261 magis,
789 2173 817 2239 si
839 2184 903 2238 tres
924 2182 1027 2252 erunt,
1048 2183 1104 2237 aut
1123 2173 1210 2260 nigri
1229 2174 1282 2241 iu·

95 2297 97 2300 ⁴
160 2273 297 2358 terrupti
326 2282 421 2355 atque
450 2273 605 2339 distracti.
647 2271 794 2340 Nascens
822 2275 898 2340 luna
931 2272 958 2341 si
990 2296 1089 2340 cornu
1118 2273 1342 2360 super-iuream

159 2372 305 2438 obatrato
328 2384 455 2460 surget,
477 2373 604 2460 pluvias
626 2373 816 2440 decrescens
837 2374 938 2454 dabit,
968 2375 996 2440 si
1016 2375 1178 2455 inferiore,
1207 2385 1282 2440 ante

158 2473 387 2560 plenilunium,
410 2475 437 2538 si
459 2475 493 2539 in
514 2474 621 2540 media
641 2475 772 2562 nigritia
791 2477 846 2541 illa
867 2475 981 2554 fuerit,
1002 2477 1137 2542 imbrem
1157 2466 1192 2541 in
1211 2477 1281 2564 pla·

158 2574 291 2640 nilunio.
325 2572 362 2640 Si
389 2577 486 2660 plena
512 2574 598 2641 circa
626 2598 662 2641 se
688 2576 819 2643 habebit
841 2574 967 2654 orbem,
995 2599 1036 2641 ex
1055 2598 1120 2661 qua
1140 2588 1230 2663 parte
1251 2576 1304 2643 isx

114 2715 117 2719 ⁴
132 2668 135 2673 ’
160 2698 309 2741 maxume
332 2675 522 2761 splendebit,
544 2699 584 2741 ex
599 2688 782 2743 carentum
797 2679 962 2754 ostendet3
985 2678 1060 2743 siin
1074 2688 1147 2743 ortu
1162 2699 1281 2744 cornua

145 2777 318 2842 crassiora
343 2779 478 2856 fuerint,
510 2778 673 2844 horridam
699 2789 930 2865 tempestatem.
968 2776 1006 2844 Si
1032 2790 1107 2844 ante
1132 2790 1281 2863 quartam

66 2948 69 2959 Ι
159 2898 223 2941 uon
251 2879 437 2964 adpamerit
467 2890 565 2945 vento
595 2880 724 2946 favonio
755 2881 867 2959 flante,
901 2880 1046 2946 hiemalis
1077 2890 1143 2945 toto
1169 2903 1281 2946 mense

194 3057 299 3127 uentum
316 3051 408 3116 stater,
420 3056 444 3104 d.
463 3061 553 3105 venam
561 3053 622 3116 fiat,
634 3070 657 3104 a.
675 3060 756 3102 uentus
764 3053 818 3117 flat
829 3062 858 3117 et,
869 3072 891 3106 r·
908 3096 939 3106 ..
958 3055 1127 3120 ruperitse,d,
1145 3055 1245 3118 ruperit,
1256 3071 1280 3106 a.

160 3124 271 3179 eruperat,
287 3135 306 3168 r.

195 3182 279 3242 §342
294 3184 403 3249 suberit,
415 3205 435 3237 r.
453 3229 484 3238 ..
509 3187 587 3252 illum3
605 3196 723 3254 atquem
739 3190 858 3239 rentum?
882 3190 975 3240 Nullus
990 3197 1079 3240 ventus
1095 3204 1172 3253 supra
1184 3197 1222 3239 est
1232 3204 1279 3238 no-

160 3249 278 3299 minatus.
308 3252 341 3301 In
360 3269 423 3303 voce
442 3254 509 3304 illum
528 3258 591 3306 lutet
610 3273 703 3306 nomen
723 3258 791 3307 venti
811 3255 957 3335 significati,
978 3258 1022 3321 qui
1042 3257 1147 3308 fortasse
1167 3257 1280 3372 suppleri

160 3323 247 3378 potest
258 3331 290 3366 ex
302 3320 384 3370 verbis
396 3321 570 3385 Theophrasti
585 3319 647 3388 περὶ
664 3321 784 3389 σημείων
801 3320 906 3372 ὑδάτων
925 3331 949 3386 a,
961 3331 985 3375 2.
998 3339 1023 3388 p.
1037 3328 1094 3377 790.
1117 3319 1181 3372 ὅταν
1196 3339 1217 3384 μ
1236 3321 1278 3387 νὴ

160 3395 191 3430 κε
210 3379 257 3430 aia
275 3381 304 3448 [ἡ
316 3378 386 3446 ἄνω]
403 3386 452 3435 τοῦ
466 3385 556 3452 μηνὸς
570 3386 717 3455 ἐπικόπῳ,
732 3385 848 3455 βόρειος
863 3386 878 3438 ὁ
892 3388 968 3452 μείς·
990 3389 1053 3440 ὅταν
1070 3387 1103 3439 δὲ
1115 3389 1133 3455 ἡ
1145 3387 1278 3450 κάτωθεν,

161 3464 257 3507 ντιος.
277 3491 309 3500 ..
336 3452 411 3517 cinget
426 3460 455 3512 et,
472 3455 525 3504 Td.
551 3453 667 3518 elugebat,
683 3472 706 3505 a
733 3457 813 3521 ciupe't,
828 3453 878 3523 βγ.
905 3467 1007 3522 quartae
1022 3459 1087 3508 orbis
1102 3456 1195 3520 rutilus,
1211 3456 1280 3506 crebit

161 3523 247 3579 uastos,
259 3535 279 3568 r.
299 3559 330 3568 ..
345 3520 515 3583 praemovebit,
526 3537 550 3571 a.

194 3588 280 3649 §³48.
303 3594 376 3649 rectu,
388 3588 420 3638 K.
439 3628 471 3637 ..
490 3587 629 3653 praesapiet
643 3587 692 3638 aut
700 3588 729 3651 ω’,
746 3592 770 3640 d.
793 3591 920 3656 praecepit
935 3600 957 3641 et
967 3591 1016 3642 uisi
1024 3591 1062 3653 sit,
1075 3609 1098 3643 a.
1118 3633 1149 3642 ..
1174 3591 1278 3641 hieraca·

161 3649 265 3782 dumi}
286 3694 317 3702 -
344 3671 402 3717 quo,
420 3657 444 3704 d.
469 3695 500 3704 -
526 3656 614 3721 mauis,
632 3657 714 3707 omitt.
732 3660 785 3709 Td.
811 3661 841 3708 ,ἑ
868 3658 1005 3725 internupta,
1025 3660 1117 3710 Tadr.
1147 3667 1191 3710 aut
1207 3658 1277 3709 iater-

160 3727 232 3782 rupu‚
267 3758 273 3770 .
673 3749 680 3761 ι

194 3789 209 3850 §
222 3793 280 3837 349.
298 3789 413 3851 obatrato,
426 3791 498 3840 Tad.
516 3791 606 3852 obatro,
618 3787 647 3852 β.

194 3852 281 3913 ἓ350.
306 3854 378 3916 VIII,
390 3874 413 3907 a.
438 3857 496 3920 VII,
508 3859 560 3908 Td.
579 3898 611 3908 ..
628 3857 726 3922 incidat,
738 3877 761 3911 a.
779 3856 895 3922 inciderit,
907 3863 932 3912 d.
949 3859 1040 3923 incidit,
1051 3856 1102 3924 βγ.

194 3920 210 3981 ἓ
222 3925 280 3972 351.
304 3920 444 3985 barrideum,
456 3927 492 3975 a¹.
516 3924 659 3989 levideutur,
672 3929 711 3977 a2.
730 3943 772 3977 eae
783 3927 898 3990 videntur,
912 3924 984 3994 ᾶβγ.
1000 3929 1035 3979 V.
1048 3928 1180 3992 Theophr.
1191 3929 1211 3978 1.
1222 3930 1241 3980 l.
1253 3935 1278 3991 2,

162 3993 201 4038 11.
214 4004 238 4052 p.
253 3993 309 4040 793.
329 4031 360 4040 -
382 4008 486 4055 quorum
500 3993 524 4043 d.
550 4010 658 4057 quarum,
671 3990 719 4055 ast.
739 4036 769 4045 -
792 3995 990 4060 prosapiam.
1013 3991 1277 4061 praesapthere,dss7.

161 4093 193 4104 ..
211 4056 311 4106 articulo
328 4059 436 4122 temporis
452 4076 527 4123 quern,
542 4062 631 4112 Dalec.
651 4054 683 4112 L.
702 4065 868 4126 proposuimus
883 4067 898 4128 ξ
911 4069 968 4114 222.
988 4104 1019 4113 -
1038 4061 1176 4143 praestabit
1187 4079 1225 4126 ac,
1242 4065 1279 4114 ita

159 4126 372 4188 nosscripsimaa.
394 4128 565 4190 praestabitur,
581 4131 615 4179 D.
639 4129 875 4194 praesepiabitur,a.
897 4132 1090 4195 praesapabrtur,
1102 4134 1126 4181 d.
1150 4131 1278 4196 praesepi·

161 4189 257 4253 burtel,
272 4187 324 4257 βγ.
342 4234 374 4243 ..
397 4194 454 4254 siue,
471 4197 524 4245 Td.
547 4197 601 4258 siut,
618 4213 640 4247 a.
661 4189 786 4261 -'re9io‚
799 4215 821 4249 a.
844 4197 976 4262 refriperio,
988 4202 1039 4251 To.
1061 4199 1126 4249 Vox
1140 4198 1210 4264 rique
1221 4214 1278 4248 cor·

158 4266 235 4327 rupta
248 4261 354 4323 videtur,
372 4263 494 4326 siquidem
510 4265 576 4314 Plin.
592 4265 704 4328 respexit
719 4266 797 4315 verba
808 4267 981 4330 Theophrasti
997 4261 1059 4332 περὶ
1076 4263 1198 4333 σημείων
1213 4262 1276 4317 tidd-
