2754 4726
374 296 444 342 nm.
459 296 560 343 xvn1.
590 295 669 342 car.
685 295 772 342 uxr.
788 295 891 341 xxva
920 293 1018 341 sucu.
1034 295 1116 338 co.sr.
1239 278 1299 340 195

180 447 311 523 diebus3
333 445 379 510 ita
400 445 529 511 demum
553 444 622 508 sine
637 442 806 510 limacibus
819 445 895 510 fore.
919 443 1061 528 Quidum
1076 445 1186 531 pabuli
1202 452 1300 511 causa

180 551 225 617 sic
245 546 360 614 iubent
382 546 456 623 seri,
480 544 611 610 seminis
633 556 740 610 autem
762 567 847 610 vere.
880 544 944 610 Est
966 555 998 610 et
1019 544 1082 610 alia
1102 545 1301 613 manifestior

177 650 257 716 ratio
278 647 474 714 mirabiliore
496 656 629 710 naturae
651 645 869 732 providentia,
896 646 930 709 in
951 668 1015 729 qua
1037 643 1203 712 Ciceronis
1226 667 1300 712 sen·

177 751 309 818 tentiam
327 748 436 835 ipsius
457 747 564 814 verbis
587 746 863 833 subsignabimus:

278 851 349 917 Iam
372 872 449 916 vero
471 870 598 933 semper
619 848 732 913 viridis
755 869 945 934 semperque
967 858 1102 934 gravata

278 952 453 1018 Lentiscus
475 949 593 1036 triplici
615 949 708 1014 solita
730 961 779 1014 est
800 950 1015 1036 grandescere
1036 949 1121 1027 fetu3

281 1051 348 1117 Ter
369 1052 481 1138 fruges
501 1050 639 1115 fundens
662 1050 723 1114 tria
744 1060 889 1136 tempora
909 1060 1067 1116 monstrat
1088 1049 1230 1115 arandi.¹

178 1151 232 1216 Ex
259 1150 310 1216 his
337 1174 438 1216 unum
465 1151 526 1217 hoc
556 1151 615 1214 erit
642 1150 729 1220 idem
758 1161 790 1215 ct
816 1150 882 1216 lino
911 1174 949 1216 ac
977 1149 1132 1237 papaveri
1154 1151 1363 1217 assentasse

179 1251 262 1320 Cato
285 1253 326 1318 dc
348 1272 509 1338 papavere
531 1250 577 1314 ita
598 1251 711 1314 tradit:
743 1252 875 1338 „virgas
896 1263 929 1317 et
951 1262 1111 1317 sarmenta
1138 1275 1221 1336 quae
1241 1253 1302 1320 tibi

180 1353 287 1421 usioni
309 1357 503 1440 supererunt
527 1351 563 1416 in
583 1363 694 1437 segete
716 1352 900 1428 conburit03
930 1353 986 1419 ubi
1011 1376 1065 1418 eas
1085 1352 1300 1432 conbussuis,

178 1455 223 1521 ibi
243 1477 386 1542 papaver
408 1454 538 1520 serit0.’'
564 1449 720 1518 Silvestre
739 1453 773 1517 in
787 1452 868 1518 miro
883 1475 945 1519 usu
960 1464 1010 1519 est
1024 1454 1117 1520 molle
1131 1455 1301 1521 decoctum

165 1556 219 1620 ,ad
237 1555 378 1621 faucium
398 1553 550 1630 remedia,
573 1552 688 1638 visque
710 1553 883 1619 somnifera
902 1554 999 1620 etiam
1021 1554 1133 1620 sativo.
1155 1553 1202 1619 Et
1222 1553 1300 1621 hac·

178 1667 269 1722 tenus
290 1656 331 1721 de
351 1655 486 1721 hiberna
508 1666 660 1720 semente.

219 1756 356 1822 XXVI.
380 1757 429 1821 62.
468 1754 593 1821 Verum
622 1765 657 1818 ut
682 1757 806 1840 pariter
833 1757 939 1822 omnis
967 1755 1110 1821 culturae
1136 1756 1362 1844 quoddameso

106 1841 110 1855 „
176 1857 371 1925 breviarium
392 1866 574 1944 peragatur,
598 1855 709 1920 eodem
729 1867 872 1941 tempore
886 1856 1057 1922 conveniet
1070 1855 1201 1923 arbores
1215 1868 1298 1924 ster·

180 1980 308 2037 curare,
331 1957 536 2023 adcumulare
558 1957 637 2021 item
658 1957 779 2033 vineas,
802 2009 843 2018 ..
873 1955 992 2021 sufficit
1011 1956 1045 2020 in
1066 1956 1213 2043 iugerum
1234 1979 1300 2022 uns

178 2083 287 2148 opera,
302 2114 342 2124 ..
365 2069 397 2123 et
410 2057 467 2123 ubi
481 2057 622 2144 patietur
643 2056 705 2122 loci
726 2056 809 2121 ratio
831 2055 962 2122 arbusta
983 2078 1022 2122 ac
1043 2056 1152 2121 vineas
1172 2068 1299 2144 putare,

135 2157 138 2164 ’
178 2163 281 2228 sulum
302 2158 480 2227 seminariis
500 2159 619 2246 bipalio
640 2180 853 2244 praeparare,
881 2158 991 2224 incilia
1011 2157 1153 2244 aperire,
1182 2180 1300 2244 aquam

178 2263 218 2328 de
243 2283 322 2349 agro
347 2261 485 2347 pellere,
520 2259 661 2325 torcular
688 2260 796 2326 lavare
823 2269 856 2326 et
880 2260 1062 2326 recondere.
1098 2260 1132 2326 A
1152 2261 1300 2328 kalendis
1310 2268 1357 2313 ²31

175 2361 351 2429 Novembr.
373 2361 500 2450 gallinis
521 2384 582 2426 ova
604 2383 784 2447 supponere
808 2362 922 2441 nolito,
952 2362 1054 2426 donec
1079 2361 1195 2427 bruma
1220 2384 1297 2429 eon-

177 2463 321 2542 fieiatur3
342 2463 377 2528 in
399 2485 474 2529 eum
495 2462 580 2528 diem
603 2463 779 2527 ternadena
800 2462 937 2528 subicito
958 2471 1080 2527 aestate
1095 2472 1172 2539 tota,
1193 2462 1297 2528 hieme

176 2564 340 2650 pureiora,
360 2582 425 2630 non
446 2573 553 2628 tamen
574 2563 656 2627 infra
669 2585 803 2628 novena.
825 2562 1031 2627 Democritus
1045 2563 1141 2627 talem
1155 2563 1297 2628 suturam

176 2664 315 2732 hiemem
344 2665 528 2743 arbitratur,
562 2663 665 2747 qualis
692 2663 790 2729 fuerit
815 2661 948 2728 brumae
971 2661 1041 2726 dies
1061 2671 1093 2726 et
1115 2663 1202 2727 circa
1222 2686 1296 2729 eum

178 2766 259 2831 terni
266 2790 275 2844 3
297 2767 375 2832 item
397 2765 533 2831 solstitio
555 2773 719 2830 aestatem.
758 2760 855 2829 Circa
882 2761 1029 2827 brumam
1057 2763 1219 2848 plerisque
1245 2764 1296 2830 bis

178 2878 312 2953 septem,
327 2866 520 2951 halcyonum
534 2866 650 2944 fetura,
673 2874 840 2931 ventorum
854 2865 974 2950 quiete,
996 2864 1141 2929 molliunt
1156 2855 1295 2942 caelum;
1369 2871 1375 2875 ’

772 3010 776 3019 ι

170 3086 174 3089 ,
210 3041 295 3103 §22⁸-
319 3037 405 3102 utique,
423 3048 481 3103 post
499 3038 579 3089 Varro
595 3040 707 3090 collocat
719 3041 744 3089 d.
763 3079 793 3088 ..
817 3045 889 3099 staur,
901 3054 924 3087 a.
944 3079 975 3087 -
995 3036 1156 3100 praecipitet.
1174 3036 1209 3086 V.
1221 3039 1295 3088 Varr.

178 3107 208 3156 de
218 3114 321 3156 rerust.
331 3105 354 3154 Ι.
367 3112 409 3169 ³4,
421 3113 445 3157 2.
464 3147 495 3156 ..
515 3105 601 3168 lentim,
614 3123 637 3157 a.
656 3147 687 3156 ..
706 3106 816 3155 uicmima
827 3104 911 3167 quinta
922 3103 957 3152 cd
968 3102 1114 3164 immam,
1126 3105 1170 3153 ad.
1188 3103 1295 3154 uicesiuw

177 3173 258 3236 quinto
270 3170 464 3235 ud'tn'cesr'mum,
480 3168 509 3235 β.
528 3214 560 3224 ,.
586 3173 678 3234 vitium,
693 3189 718 3222 a.
737 3213 768 3222 ..
787 3173 854 3236 scre,
871 3188 894 3220 a.
911 3171 980 3236 fieri,
993 3174 1017 3221 (1.
1037 3211 1067 3220 ..
1095 3170 1295 3233 iubsatseriffid.

177 3241 226 3290 sss·
238 3241 323 3303 iubent,
339 3237 391 3306 βγ.
409 3282 441 3292 ..
465 3248 516 3302 cut,
528 3258 551 3291 a.
570 3281 602 3290 ..
628 3238 746 3289 Ciceronis
763 3240 794 3289 de
811 3239 915 3289 divinat
930 3241 952 3290 Ι.
965 3244 989 3300 9,
1004 3243 1043 3289 15.
1060 3255 1093 3290 ex
1104 3240 1178 3290 Arati
1190 3241 1294 3290 diesem

180 3312 251 3359 1050.
270 3349 302 3358 -
325 3307 519 3373 subsiynavimus,
535 3310 580 3357 ad.
600 3347 631 3356 ..
652 3314 777 3371 precatae,
796 3308 819 3356 d.
839 3346 871 3356 ..
894 3305 983 3371 triplici
997 3304 1069 3356 solitu
1079 3315 1121 3369 est,
1133 3323 1156 3357 a.
1178 3302 1249 3357 solda
1260 3316 1296 3356 est

179 3373 274 3439 triplici,
285 3376 337 3426 Tc.
357 3416 388 3425 ..
410 3375 458 3426 Ter
460 3374 546 3439 flores,
558 3375 637 3424 Hard.
656 3415 688 3424 -
697 3372 798 3438 fiesties,
810 3391 833 3423 a.
850 3414 882 3423 -
899 3382 1032 3424 momtrctc
1042 3373 1105 3437 rudi,
1118 3391 1142 3425 a.

211 3441 227 3503 5
239 3449 297 3493 229.
317 3442 455 3506 papavere,
467 3447 511 3493 ad.
532 3457 685 3506 papavereo,
702 3443 846 3492 Pontedera
857 3443 984 3506 antiquitt.
996 3459 1021 3508 p.
1034 3449 1074 3493 52.
1087 3458 1121 3492 ex
1133 3445 1187 3493 cod.
1200 3444 1295 3493 Remu·
1345 3464 1355 3473 ¹

177 3511 237 3559 nati.
255 3550 286 3560 ..
307 3509 445 3572 terendae.
465 3551 496 3559 ..
523 3507 582 3558 Octo
597 3511 629 3560 de
645 3524 672 3560 re
687 3516 749 3560 rust.
764 3517 806 3570 08,
818 3516 842 3559 4.
859 3549 892 3558 -
914 3526 971 3573 quc,
983 3526 1006 3560 a
1025 3550 1056 3560 ..
1074 3509 1158 3571 coni,
1170 3512 1249 3562 Hsrd.
1262 3524 1295 3559 ex

127 3597 130 3601 ·
167 3575 233 3627 eat.
256 3576 401 3640 oeicni,'1'd.
423 3576 514 3638 cisium,
526 3594 549 3627 u.
570 3575 684 3638 iacuisti,
695 3594 715 3627 r.
738 3576 873 3638 interime,
884 3572 913 3638 β.
932 3617 963 3627 -
986 3585 1131 3641 supermeat,
1144 3578 1232 3628 Tadr.
1255 3593 1294 3626 su·

174 3651 271 3706 perum,
282 3639 311 3706 β.
330 3685 362 3694 ..
376 3660 507 3709 papavere,
518 3659 541 3694 a.
560 3685 592 3694 ..
611 3641 724 3696 Silvestre
735 3645 767 3707 in,
779 3647 853 3696 Tad.
868 3643 976 3694 silvestre
985 3643 1050 3707 quod
1059 3645 1091 3706 in,
1103 3638 1133 3705 β.
1150 3646 1296 3696 Pontedera

178 3712 304 3775 antiquitt.
316 3712 334 3762 l.
346 3713 364 3762 l.
376 3714 452 3762 verbs
462 3710 688 3762 siluestre-sativo
705 3719 734 3762 ut
748 3712 858 3779 insiticia
874 3710 942 3762 delet
956 3713 1015 3762 coll.
1031 3719 1070 3773 10,
1084 3717 1139 3762 109.
1158 3719 1199 3774 20,
1212 3716 1295 3765 200..

178 3783 236 3829 209.
255 3820 287 3829 -
305 3795 368 3841 usuc,
380 3797 403 3829 a.

202 3847 227 3911 Δς
238 3852 297 3897 230.
313 3847 439 3908 conveniet,
451 3848 523 3898 Tud.
541 3846 649 3896 conuenit
659 3853 689 3908 st,
700 3841 752 3911 βγ.
770 3887 801 3896 ..
820 3845 927 3910 acerum
937 3862 986 3894 una
998 3855 1078 3910 mera,
1090 3848 1126 3896 ita
1137 3861 1186 3897 nos
1195 3846 1295 3910 scripsi·

177 3915 404 3979 museoll.§254.
417 3919 476 3965 262.
498 3913 604 3979 luparum
616 3909 800 3979 operaadssr.
819 3954 851 3963 -
875 3912 951 3975 abda.
968 3953 1001 3964 ..
1019 3920 1113 3978 potare,
1126 3929 1149 3963 a.
1168 3954 1198 3963 ..
1222 3911 1296 3963 eodm

176 3980 318 4098 {dmm}
331 3979 627 4111 sd.fiseruincrt'issclurn,
638 3977 690 4046 βγ.
709 4021 740 4030 -
758 3978 868 4043 iatum,
881 3983 918 4030 ul.
936 4021 969 4030 -
993 3979 1092 4042 erata,
1103 3983 1135 4032 Τ.
1154 4018 1185 4030 ..
1204 3978 1296 4040 lauare,

205 4051 266 4099 adr.
307 4065 371 4111 vere,
404 4085 411 4099 .

210 4118 296 4181 52³1.
313 4118 449 4180 subponere,
461 4133 484 4166 a.
503 4157 534 4166 -
553 4114 603 4164 dies
614 4123 644 4176 et,
657 4131 708 4166 om.
721 4116 746 4165 (1.
758 4155 790 4164 ..
807 4112 933 4178 plerisque,
945 4131 968 4165 a.
983 4113 1098 4179 plerique,
1110 4113 1134 4162 d.
1149 4112 1296 4178 plerumque,

177 4183 264 4312 blm}
278 4182 399 4246 dmm,
411 4200 434 4234 a.
453 4225 484 4233 -
503 4181 609 4246 quietem
621 4185 665 4234 ad.
684 4224 715 4233 ..
734 4181 848 4244 molliunt,
860 4199 880 4231 r.
898 4180 1009 4241 mollium,
1021 4183 1066 4232 ud.
1090 4178 1172 4240 mollit,
1184 4183 1217 4231 K.
1240 4179 1296 4229 mcl-

223 4287 231 4313 s
267 4265 292 4316 Y·

1076 4310 1093 4344 W
