2754 4726
384 307 455 356 sm.
471 307 564 355 nnn.
592 306 671 355 car.
688 308 760 356 ω
790 246 889 357 arhor.
903 263 1002 354 aem
1181 294 1244 360 tet

121 455 217 545 coqui
241 477 316 524 cum
342 455 449 524 radice
475 469 605 545 oportet
628 479 712 544 quae
740 480 812 524 eum
838 458 924 526 foliis
950 470 984 526 et
1015 459 1136 527 hircino
1164 459 1244 527 sebo

120 559 275 649 podagris
295 557 449 625 inlinitur.
470 557 621 626 Alterum
642 582 746 648 genus
765 561 855 644 quod
876 561 1048 629 tricoccum
1067 562 1242 649 appellavi·
1257 581 1289 627 so

119 671 241 729 murat
260 660 323 728 alio
344 660 472 728 nomine
493 662 682 750 scorpiuron
703 672 844 741 vocatur,
866 662 950 729 foliis
970 685 1036 730 non
1057 664 1161 731 solum
1182 664 1243 730 mi·

120 761 255 832 mrihus
276 761 453 830 sedetiam
473 761 509 828 in
531 773 648 830 terrum
669 763 894 852 vergentibut;
918 785 1028 831 semen
1046 764 1077 831 ei
1098 780 1149 832 est
1170 766 1242 832 effi-

119 866 174 957 gie
195 862 374 950 scorpionis
395 863 527 946 caudae,
550 887 648 950 quare
669 886 797 931 nomen.
821 863 884 931 Vis
903 866 1068 932 adomnia
1087 879 1244 934 venenata
1331 862 1337 868 ¹

118 977 151 1032 at
175 964 369 1055 phalangia,
400 964 461 1032 sed
490 977 602 1032 contra
626 967 811 1052 scorpiones
836 966 1011 1054 praecipue
1036 967 1144 1044 inlita3
1176 991 1243 1036 uon

96 1067 280 1135 ,icriuntru
295 1065 464 1147 habentes,
485 1078 519 1133 et
531 1068 559 1134 si
580 1079 698 1134 terram
712 1067 840 1135 surculo
860 1067 1030 1156 heliotropi
1042 1069 1243 1136 circumscri-

118 1167 177 1235 hat
196 1167 330 1254 aliquis,
357 1180 477 1258 negant
499 1167 703 1256 scorpionem
723 1169 850 1256 egredi,
870 1168 1018 1256 'inposita
1045 1191 1123 1237 vero
1143 1171 1244 1238 herba

118 1279 176 1336 aut
200 1269 267 1335 uda
296 1269 428 1335 omnino
456 1290 641 1356 respersum
672 1269 821 1356 protinus
847 1270 938 1337 mori.
974 1267 1115 1339 Seminis
1142 1295 1244 1360 grana

101 1372 104 1377 '
119 1380 273 1456 quattuor
284 1380 362 1457 pota
374 1369 542 1454 quartanis
556 1369 710 1457 prodesse
724 1369 888 1451 dicuntur,
910 1371 973 1438 tria
984 1393 1063 1440 cero
1085 1374 1242 1455 tertianis,

118 1470 212 1538 ruisi
232 1469 334 1538 herha
353 1471 428 1557 ipsa
449 1481 499 1538 ter
517 1471 706 1539 cimumlata
726 1470 904 1538 subiciatur
923 1472 1032 1559 cepin'.
1068 1471 1188 1540 Semen
1210 1486 1243 1541 et
1255 1484 1285 1530 ⁶1

118 1559 269 1639 seriorem
286 1571 446 1652 stimmat,
477 1593 552 1638 cum
575 1573 671 1638 melle
696 1594 798 1660 panos
820 1572 970 1653 dimetit3
1003 1595 1154 1641 verrucas
1181 1575 1242 1641 hoc

118 1672 233 1760 utique
251 1672 478 1761 heliotropium
497 1672 651 1740 radicitus
673 1673 812 1740 extrahit
840 1683 873 1740 et
893 1675 1112 1743 excrescentis
1132 1675 1167 1741 iu
1189 1697 1241 1743 se·

118 1773 225 1840 dibus.
250 1771 386 1861 'Spinsc
409 1795 541 1861 quoque
566 1795 604 1841 ac
629 1775 811 1841 lumborum
838 1776 1029 1864 sangninem
1051 1776 1241 1865 conruptum

117 1873 213 1942 trahit
234 1874 364 1941 inlitum
391 1896 501 1942 semen
526 1885 561 1942 et
587 1886 700 1962 potum
727 1875 762 1940 in
786 1875 859 1942 iure
885 1875 1048 1963 gallinacii
1074 1879 1241 1945 decoctum

116 1986 172 2042 tot
199 1997 273 2042 cum
298 1976 374 2044 heta
398 1987 434 2044 et
458 1977 557 2042 lente.
594 1974 720 2042 Cortex
748 1975 879 2043 seminis
904 1977 1077 2045 liventibus
1101 1980 1240 2045 colorem

114 2076 234 2144 reddit.
254 2076 364 2166 ,Magi
383 2076 610 2165 heliotropium
631 2077 798 2163 quartanis
817 2088 948 2163 quater,
969 2079 1004 2144 in
1024 2079 1171 2146 tertianis
1190 2089 1240 2145 ter

114 2178 254 2268 adligari
275 2177 387 2246 iubent
410 2177 547 2266 abipso
568 2201 667 2269 aegro
687 2180 878 2267 precarique
898 2201 974 2247 eum
1001 2181 1179 2248 soluturum
1204 2202 1239 2247 se

111 2279 219 2352 nodos
239 2277 410 2346 h'berutum
432 2291 466 2347 st
486 2280 592 2347 iacere
613 2303 677 2348 non
698 2293 849 2368 exempta
862 2282 979 2349 herba.

155 2381 211 2447 30.
233 2379 337 2449 Aliud
357 2381 490 2447 adianto
515 2382 720 2449 miraculum:
753 2395 876 2450 aestate
906 2384 1005 2463 viret,
1031 2384 1147 2450 bruma
1174 2403 1238 2447 non
1251 2392 1282 2438 62

107 2481 294 2561 marcescit,
308 2503 411 2567 aquas
428 2483 561 2570 respuit,
578 2484 747 2569 perfusum
761 2504 943 2548 mersumve
957 2482 1044 2549 sicco
1058 2482 1162 2548 simile
1175 2493 1237 2558 est,

107 2634 155 2648 ..
168 2593 258 2648 tantu
271 2583 455 2650 dissociatio
468 2583 732 2669 deprehenditur,
748 2636 787 2648 ,,
811 2582 898 2647 unde
914 2594 947 2648 et
960 2604 1077 2648 nomen
1098 2604 1118 2646 a
1132 2579 1237 2648 Grae·

105 2684 173 2762 cis,
194 2683 313 2770 alioqui
335 2684 444 2752 frutici
467 2683 615 2772 topiario.
653 2682 795 2765 Quidam
817 2681 1014 2751 callitrichon
1034 2695 1161 2759 vocant,
1182 2682 1236 2746 alii

104 2784 331 2872 polytrichon,
357 2796 529 2871 utrumque
549 2785 592 2851 ab
613 2785 744 2876 effectum
777 2785 896 2872 tinguit
920 2785 1005 2851 enim
1033 2783 1183 2870 capillum
1204 2795 1238 2848 et

106 2887 157 2952 ad
180 2886 242 2952 hoc
261 2886 451 2972 decoquitur
471 2888 505 2952 in
526 2888 602 2953 vinc
624 2909 697 2953 oum
719 2885 841 2952 semine
862 2885 934 2972 api,
955 2885 1080 2951 adiecto
1097 2883 1169 2951 oleo
1181 2905 1236 2949 oo·

105 2987 206 3073 picae
227 2998 264 3052 ut
285 2987 429 3075 crispum
450 2987 650 3072 densumque
669 2986 782 3066 faeiat,
811 2997 843 3053 et
868 2986 1010 3054 defluere
1031 2996 1138 3051 autern
1159 3005 1235 3070 pro-

145 3125 218 3186 558.
245 3124 412 3190 decoquam,
424 3128 485 3179 RV.
504 3167 536 3178 ...
554 3124 684 3188 madias,
695 3127 728 3177 V.
748 3167 778 3176 ..
797 3141 848 3175 eum
860 3126 922 3186 vino,
936 3125 998 3175 Rv.
1016 3123 1114 3184 cumino,
1126 3125 1150 3172 d.

143 3193 217 3258 {⁵⁹-
242 3191 527 3259 Apdhpduueeet,1id.
554 3192 739 3259 Apollophanes,
750 3189 779 3255 β.
797 3193 856 3244 Om.
869 3194 902 3243 V.
926 3232 957 3242 ..
977 3188 1190 3250 'destillationibuq
1201 3189 1234 3238 V.

91 3257 352 3323 irrueremus.
373 3260 653 3323 successuum
677 3299 707 3310 -
730 3259 885 3322 umen.
907 3299 938 3310 ..
963 3257 1128 3318 maner.
1147 3297 1179 3307 -
1202 3271 1236 3316 ω,

103 3325 271 3379 numae
293 3325 410 3391 maa.
429 3369 461 3380 -
486 3329 585 3390 aser,
601 3320 739 3380 envas
762 3322 909 3394 eomer.
928 3367 960 3377 ..
983 3325 1176 3387 aaronem.
1199 3339 1236 3373 re.

104 3408 177 3457 narr,
188 3389 241 3460 βγ.
260 3434 292 3446 ..
308 3396 372 3459 sebo,
387 3389 475 3448 OV'I'.
492 3412 554 3458 aeuo,
566 3392 667 3461 Rdssr.

146 3465 219 3526 5⁶⁰·
244 3462 360 3528 scorpion,
376 3466 401 3514 d.
422 3465 587 3516 V.Dioscor.
603 3471 628 3526 4,
648 3469 704 3514 1⁹1.
727 3502 758 3511 -
786 3476 868 3524 quare,
884 3462 968 3514 RVd.
995 3477 1071 3526 quare
1088 3461 1117 3522 ei,
1133 3456 1184 3524 dr,
1205 3498 1235 3508 -

116 3528 190 3590 Vrsa,
201 3529 234 3580 R.
253 3570 285 3580 -
307 3528 357 3592 sed,
369 3525 507 3582 OBVTd.
529 3538 559 3594 et,
570 3526 600 3592 β.
619 3571 647 3579 -
672 3527 912 3592 eircummnhoassi.
931 3570 962 3580 ..
981 3545 1011 3578 oe
1027 3539 1063 3594 ut,
1075 3529 1109 3578 V.
1129 3568 1160 3577 ..
1178 3524 1236 3588 ude,

104 3595 135 3648 B
147 3593 238 3659 (codd.
250 3593 322 3660 cet)
340 3597 493 3651 OmittVd.
512 3638 543 3649 ..
561 3597 661 3655 &mind
672 3597 705 3648 R.
722 3636 754 3646 ..
771 3593 1011 3661 promerente,
1024 3596 1059 3647 R.
1079 3597 1167 3647 Omitt
1179 3592 1236 3643 Vd.

106 3701 144 3722 ψ-
163 3662 228 3728 ipsa,
238 3663 286 3716 Bd
297 3662 383 3729 (codd
396 3663 468 3731 Get)
485 3664 543 3718 Om.
555 3665 589 3715 V.
608 3705 640 3714 ..
657 3663 764 3728 capili.
1222 3726 1228 3740 ·

145 3733 218 3798 3⁶1.
244 3733 431 3796 rerumve
452 3732 608 3795 oemhaall.
630 3725 844 3796 mvm,ss7.
862 3771 894 3780 -
1020 3728 1183 3796 quoququ,
1201 3724 1237 3777 lc-

104 3814 190 3918 {m
202 3815 318 3917 wachrqs'urh'er'
329 3800 600 3928 ghi-ld'fldomvaeoss}
614 3795 809 3916 pomhladtnhhg‘hl'
820 3798 926 3917 hum-R
966 3797 1116 3918 ωιξέιᾌνέἑ
1131 3795 1237 3912 chem,

107 3904 396 4053 ..apogniacum
419 3904 606 3997 ertdesnhm',
618 3901 819 3984 cirratas
842 3901 1079 3995 ,ssaceea'vc
1102 3898 1236 3994 esaar,

105 4017 143 4053 oo
225 4017 254 4053 ur
370 4039 377 4053 .
1210 4011 1217 4024 ⁸

145 4071 218 4134 962.
243 3999 375 4133 morehel,
385 4070 470 4122 RVd.
487 4068 630 4132 maccrescit,
642 4064 672 4132 β.
694 4067 727 4119 V.
739 4066 872 4131 Theophr.
884 4066 943 4116 hist
955 4067 1034 4130 plant.
1049 4061 1109 4114 VII.
1124 4066 1163 4125 14,
1177 4068 1199 4112 1.
1212 4069 1237 4113 st

106 4135 231 4189 Dioscor.
243 4145 268 4201 4,
283 4143 339 4190 las.
358 4145 415 4191 185.
433 4179 465 4190 ..
487 4137 637 4204 polynicem,
648 4136 731 4189 RVd.
754 4175 785 4185 -
808 4132 982 4195 utrumqueub,
994 4132 1047 4182 Bd.
1068 4139 1192 4195 utumque
1203 4136 1238 4178 ert

96 4196 259 4334 &039OE
282 4246 314 4257 ..
341 4205 477 4271 copiosae.
503 4205 650 4270 rephun.
676 4202 800 4269 copiosum,
816 4200 849 4252 V.
873 4241 904 4250 ..
932 4197 1075 4264 etdefluere,
1086 4197 1170 4250 RVd.
1197 4194 1237 4244 de·

174 4287 195 4332 e,
232 4287 259 4339 r.
284 4324 285 4330 p
777 4295 781 4301 ·
939 4293 943 4299 ·

1015 4331 1032 4365 ἦ
