2754 4726
322 304 392 350 nm.
411 304 513 350 xvnr.
543 302 621 349 cnr.
638 302 899 351 xxxrr.xxx111.
930 303 1027 352 sucu.
1044 304 1075 350 rs.
1090 307 1121 350 rs.
1219 288 1280 353 221

160 477 269 521 rarum
283 476 343 540 per
358 445 501 541 singulos
521 452 591 518 dies
606 454 705 519 adicit
719 477 820 538 usque
835 455 876 518 ad
890 454 1111 534 interlunium,
1134 468 1167 520 et
1181 478 1284 541 quan·

160 569 227 622 tum
250 554 363 642 primis
385 553 531 640 partibus
553 554 656 620 noctis
678 556 864 632 detraxerit,
888 557 975 639 quod
999 557 1059 622 sub
1081 558 1175 622 terris
1197 569 1283 647 agat,

160 657 349 722 tantundem
370 655 553 721 novissimis
579 679 620 721 ex
641 656 694 722 die
722 657 839 721 adiciet
867 679 964 742 supra
992 668 1126 734 terram3
1155 660 1284 725 alternis

136 771 268 824 -autem
291 756 457 823 mensibus
475 772 549 821 'xxx
571 757 705 843 inplebit
725 764 891 835 numeros,
922 758 1051 822 alternis
1079 780 1155 823 vero
1177 759 1283 824 detra·

159 861 216 925 het
242 859 398 947 singulos.
435 857 529 923 Haec
557 859 615 923 erit
641 859 722 923 ratio
749 859 885 936 lunaris;
919 857 1093 923 XXXIII.
1124 861 1174 924 76.
1204 882 1284 926 ven·
1298 877 1347 924 sao

160 970 265 1026 torum
295 960 392 1046 paulo
428 959 653 1044 scrupulosior.
710 957 891 1024 Observato
921 960 996 1024 solis
1025 970 1097 1024 ortu
1130 980 1285 1044 quocum-

160 1083 225 1146 que
251 1060 304 1124 die
332 1057 432 1125 libeat
454 1059 613 1124 stantibus
639 1059 717 1125 hora
743 1060 806 1125 diei
829 1070 930 1138 sexta,
961 1060 1006 1125 sic
1028 1070 1063 1124 ut
1085 1071 1190 1124 ortum
1212 1083 1285 1127 eum

160 1185 180 1226 a
207 1159 334 1227 sinistro
359 1182 470 1226 umero
498 1159 653 1238 habeant,
688 1171 799 1226 contra
824 1161 962 1225 mediam
990 1161 1104 1226 faciem
1133 1161 1285 1228 meridies

160 1273 193 1327 et
223 1284 244 1326 a
272 1261 393 1327 vertice
421 1261 598 1345 septentrio
628 1261 706 1339 erit3
733 1261 789 1344 qui
814 1261 861 1325 ita
886 1252 976 1326 limes
998 1283 1057 1346 per
1077 1284 1191 1348 agrum
1211 1284 1284 1328 cur-

160 1363 203 1427 rit
224 1363 320 1428 cardo
342 1364 533 1449 appellatur.
564 1359 761 1448 Circumagi
789 1362 905 1427 deinde
926 1363 1042 1427 melius
1064 1375 1124 1441 est,
1153 1374 1190 1428 ut
1211 1386 1283 1429 um-

159 1465 252 1528 bram
286 1484 377 1528 suam
407 1463 545 1549 quisque
581 1474 691 1528 cernat
703 1486 712 1539 ;
745 1463 887 1546 alioquin
919 1473 993 1547 post
1022 1463 1182 1530 hominem
1214 1467 1284 1531 erit.

160 1563 253 1649 Ergo
285 1565 475 1649 permutatis
508 1564 680 1642 lateribus,
713 1574 749 1628 ut
782 1573 872 1628 ortus
905 1563 991 1629 illius
1025 1564 1087 1628 diei
1120 1586 1140 1630 a
1172 1566 1284 1634 dextro
1298 1584 1348 1631 aar

159 1687 273 1730 umero
298 1665 373 1744 liat,
406 1687 538 1730 occasus
567 1688 587 1730 a
614 1664 760 1741 sinistro,
794 1674 870 1729 tunc
892 1665 951 1729 erit
971 1665 1050 1730 hora
1072 1668 1176 1746 sexta,
1210 1692 1285 1736 oum

159 1766 302 1831 minuma
323 1766 437 1832 umbra
459 1777 568 1832 contra
590 1765 730 1830 medium
752 1765 808 1830 liet
822 1765 990 1830 hominem.
1012 1765 1077 1831 Per
1098 1767 1194 1834 huius
1215 1792 1283 1837 me-

160 1866 248 1931 diam
279 1866 511 1952 longitudinem
540 1866 615 1931 duci
644 1865 768 1930 sarculo
796 1867 920 1930 sulcum
952 1865 1005 1930 rel
1036 1867 1142 1931 cinere
1174 1870 1288 1936 liniam'

160 1967 251 2034 verbi
271 1968 376 2054 gratia
395 1968 516 2054 pedum
538 1967 653 2054 viginti
675 1965 859 2042 conveniat,
882 1965 1083 2050 mediamque
1102 1990 1285 2036 mensuram

159 2069 221 2134 hoc
247 2080 296 2135 est
321 2067 356 2133 in
382 2070 517 2134 decumo
538 2068 622 2154 pede
644 2065 862 2133 circumscribi
884 2065 1004 2132 circulo
1025 2091 1126 2154 parvo
1148 2072 1204 2156 qui
1225 2095 1283 2140 vo-

160 2179 252 2235 cetur
277 2169 458 2258 umbilicus.
496 2168 589 2252 Quae
618 2191 693 2253 pars
722 2169 820 2234 fucrit
847 2168 1008 2234 avertice
1029 2171 1175 2252 umbrae,
1203 2174 1283 2242 haec
1296 2188 1349 2263 aas

160 2269 221 2334 erit
240 2280 357 2336 ventus
378 2270 642 2358 septentrionalis.
665 2269 725 2334 Illo
748 2269 816 2348 tibi,
839 2279 979 2355 putator,
1002 2270 1152 2337 arborum
1166 2276 1283 2366 plagae

160 2392 201 2435 ne
224 2382 372 2455 spectent
396 2394 477 2437 neve
504 2372 636 2437 arbusta
661 2371 814 2449 ducrere
835 2371 899 2435 nisi
919 2370 954 2450 in
977 2371 1102 2450 Africa,
1134 2372 1283 2460 Cyrenis,

162 2471 334 2560 Aegyptam
363 2473 452 2540 illinc
472 2472 570 2549 flante
591 2495 633 2538 ne
655 2481 756 2550 arato,
788 2492 932 2555 quaeque
954 2470 1017 2537 alia
1037 2474 1282 2561 praecipiemus.

163 2569 257 2653 Quae
283 2596 360 2659 pars
376 2574 484 2640 'liniae
509 2573 608 2640 luerit
634 2595 653 2637 a
680 2571 817 2658 pedibus
850 2572 982 2636 umbrae
1013 2574 1179 2641 meridiem
1208 2598 1282 2663 spe·

162 2682 270 2752 ctans,
298 2674 378 2740 haec
403 2685 535 2741 ventum
562 2683 708 2740 austrum
735 2670 824 2737 dabit
851 2693 946 2757 quem
973 2695 993 2736 a
1014 2671 1151 2740 Graecis
1172 2686 1282 2741 notum

163 2773 302 2863 diximus
329 2776 447 2842 vocari.
483 2775 578 2841 Illinc
609 2773 688 2838 flatu
720 2771 868 2839 veniente
899 2773 1062 2837 materiam
1093 2774 1282 2860 vineamque
1296 2790 1345 2836 aas

161 2876 303 2960 agricola
322 2898 363 2942 ne
385 2887 519 2952 tractem
540 2875 669 2941 umidus
684 2884 740 2939 aut
754 2883 923 2938 aestuosus
937 2873 1050 2938 Italiac
1071 2884 1129 2954 est,
1153 2875 1283 2944 Africae

161 2975 290 3058 quidem
311 2977 555 3042 incendia‘cum
575 2975 746 3042 serenitate
768 2974 882 3040 adfert
909 2973 949 3038 In
971 2973 1057 3038 hunc
1078 2974 1190 3042 Italiae
1210 2978 1282 3063 pal-

163 3076 256 3140 mites
279 3088 436 3163 spectent,
460 3077 516 3143 sed
538 3100 601 3142 non
621 3078 737 3164 plagae
755 3075 906 3139 arborum
920 3075 1090 3154 vitiumve3
1113 3075 1166 3142 hic
1181 3078 1283 3144 olivae

164 3177 311 3242 timeatur
332 3179 539 3266 vergiliarum
560 3170 747 3262 quatriduo,
779 3176 865 3240 hunc
887 3184 997 3241 caveat
1017 3175 1131 3241 insitor
1153 3178 1285 3287 ⁰2¹²&ss

162 3362 212 3429 βγ.
230 3367 297 3419 Mihi
309 3375 368 3433 post
379 3370 497 3433 copulam
509 3376 533 3416 et
544 3367 668 3417 excidisse
679 3380 799 3418 numeras
810 3362 878 3416 IIIL
890 3367 996 3427 ridetur,
1006 3370 1074 3417 unde
1085 3369 1205 3421 lacunam
1215 3371 1280 3422 indi-

163 3436 224 3485 cari.
243 3475 274 3485 ..
294 3452 374 3499 usque,
386 3438 410 3486 Τ
416 3439 459 3486 ad.
477 3451 551 3498 usque
562 3433 603 3496 ad,
613 3430 665 3499 βγ.
684 3474 716 3483 -
735 3433 868 3496 memque,
880 3448 904 3482 a.
922 3433 1011 3496 eaden,
1023 3437 1077 3486 Τὰ.
1097 3477 1127 3486 ...
1147 3444 1201 3498 toto,
1213 3441 1237 3488 (1.

189 3505 282 3617 tim
299 3502 423 3552 dertautes
432 3502 533 3564 silicum,
545 3519 569 3553 a.
582 3542 613 3551 ..
631 3500 797 3564 adiciturque,
809 3503 855 3551 ad.
873 3499 1059 3566 adductumque,
1070 3499 1121 3568 βγ.
1134 3545 1167 3554 -
1185 3501 1281 3568 quaudo

161 3585 188 3618 su
215 3569 285 3618 terris
329 3571 348 3619 it
366 3588 387 3621 r.

196 3635 281 3696 1326.
296 3587 447 3699 odericum,
463 3653 487 3688 a.
510 3678 542 3688 ..
568 3636 607 3688 die
622 3635 701 3698 lubeat,
716 3638 762 3687 ad.
789 3634 861 3685 lrbeot
876 3633 922 3698 die,
937 3631 988 3700 βγ.
1008 3677 1039 3686 ..
1066 3635 1280 3701 meridiatum.

162 3702 260 3752 meridie
270 3703 313 3754 sed
323 3721 347 3766 a,
358 3708 391 3757 D.
409 3704 526 3763 meridies,
538 3722 562 3767 a,
575 3702 646 3770 ᾶβγ.
660 3745 691 3756 ..
704 3701 870 3768 appellabitur,
883 3707 907 3764 d,
919 3707 987 3767 quod
998 3706 1084 3754 neceto
1096 3721 1130 3755 an
1141 3705 1174 3756 sit
1184 3720 1280 3769 rerum,

162 3772 222 3821 colb
234 3787 258 3821 r.
270 3773 391 3822 vocabitur
403 3773 418 3834 ξ
430 3779 488 3824 eet.
509 3813 540 3823 ..
557 3772 672 3836 almaria,
684 3774 728 3822 ad.
746 3769 844 3834 alioqui,
857 3766 908 3835 βγ.

195 3841 281 3902 §m
307 3840 440 3903 conveniat,
457 3843 502 3890 ad.
528 3840 654 3902 maceriei,
669 3835 720 3905 βγ.
745 3880 776 3888 ..
803 3837 892 3886 decium
906 3835 974 3900 pede,
991 3840 1014 3887 d.
1042 3835 1182 3902 duabupide,
1199 3856 1222 3891 a.
1247 3881 1279 3892 ...

162 3911 316 3968 vacatur,a¹.

196 3975 282 4038 §did
305 3975 499 4039 septentrioatria
515 3991 539 4026 a.
557 4016 589 4025 -
616 3976 732 4034 vineaeve,
745 3977 768 4024 d.
795 3973 864 4022 vinea
875 3979 905 4033 et,
917 3988 940 4022 a.
959 4013 989 4022 -
1015 3972 1195 4036 praecipiemus,
1211 3976 1306 4036 Pina,

162 4043 222 4090 coll.
234 4045 250 4106 ς
262 4046 321 4093 334.
337 4045 506 4107 praecepimus,
519 4044 586 4094 Tar.
601 4042 768 4106 praecipimus,
779 4037 852 4106 ᾱβγ.
870 4081 902 4090 -
920 4037 1023 4088 dt'aimus
1035 4046 1058 4100 2,
1074 4045 1129 4090 119.

197 4111 282 4173 §aaa
308 4110 532 4172 vinumque,'1'ad
551 4151 582 4160 ..
606 4109 714 4159 humidae
730 4118 753 4158 et
768 4117 899 4167 costumas,
915 4109 1003 4159 Dalee.
1022 4148 1053 4156 ..
1080 4114 1229 4170 spectante.
1248 4149 1280 4159 ..

163 4173 200 4224 bic
217 4175 292 4226 oliuae
309 4177 429 4236 timeatur,
445 4177 481 4226 ite
497 4193 544 4227 nos
559 4177 713 4241 scripsimus.
736 4175 1033 4238 restauratricem.
1049 4173 1172 4224 Hicolaeti
1180 4185 1280 4237 meatur,

163 4261 196 4309 D.
216 4260 265 4310 Hic
275 4260 341 4310 oleae
353 4262 470 4322 timeatur,
482 4261 535 4310 Td.
552 4259 625 4310 Hunc
636 4259 716 4310 oliveti
724 4267 831 4321 metator,
843 4255 892 4324 βγ.
907 4242 944 4308 ⁰..
962 4256 1106 4322 quadriduo,
1116 4273 1139 4307 a.
1209 4272 1211 4277 ⁸
