2754 4726
122 288 183 354 828
474 299 678 347 usrnnnms
701 298 896 347 fflsronms

117 490 138 509 -·
163 456 215 519 81.
247 451 332 519 Cum
358 462 480 516 aestate
509 449 728 516 vehementius
751 446 973 532 tonuit'quam
996 448 1103 527 fulsit,
1131 460 1245 516 ventos
1258 469 1308 514 35(

121 579 161 622 ex
184 578 222 620 ea
241 564 335 641 parte
357 551 537 630 denuntiat,
562 562 674 618 contra
689 551 716 616 si
730 551 837 617 minus
852 549 965 627 tonuit,
987 548 1134 616 imbrem.
1158 547 1245 617 Cum

120 678 234 735 sereno
263 653 349 720 caelo
375 652 494 740 fulget,
527 651 656 739 pluviae
683 663 777 718 erunt
803 662 836 717 et
858 651 997 728 tonitrua
1018 661 1051 716 et
1077 650 1243 734 hiemabit,

120 754 316 823 atrocissime
338 764 462 832 autem,
490 775 563 818 cum
584 775 625 818 ex
647 753 796 820 omnibus
818 762 969 838 quattuor
996 752 1141 837 partibus
1163 754 1244 820 caeli

119 856 312 949 firlgurauit3
336 878 409 921 eum
430 854 471 919 ab
487 855 634 938 aquilone
650 864 784 931 tantum,
799 854 833 917 in
847 863 1011 938 posterum
1026 852 1112 918 diem
1126 876 1244 939 aquam

117 956 301 1043 portendet,
325 978 397 1022 oum
419 977 439 1018 a
462 955 690 1039 septentrione,
713 964 846 1020 ventum
867 976 949 1018 eum.
974 950 1059 1018 Cum
1077 955 1119 1020 ab
1133 965 1244 1021 austro

118 1056 169 1122 vel
191 1078 265 1122 ooro
287 1066 344 1120 aut
365 1054 495 1121 favonio
515 1065 610 1134 nocte
633 1075 746 1119 serena
766 1053 953 1139 fulguravit,
975 1064 1107 1119 ventum
1128 1065 1161 1120 et
1181 1055 1243 1121 im·

117 1157 208 1223 brem
230 1179 271 1222 ex
292 1155 406 1221 iisdem
427 1152 615 1241 regionibus
637 1153 875 1219 demonstrabit.
907 1153 1063 1219 Tonitrua
1086 1156 1244 1221 matutina

118 1267 249 1322 ventum
271 1255 464 1344 significant,
486 1254 622 1321 imbrem
644 1255 829 1321 meridiana.

160 1360 212 1424 82.
234 1355 348 1445 Nubes
371 1379 445 1423 cum
468 1378 579 1453 segeno
601 1356 635 1420 in
658 1357 781 1422 caelum
803 1357 961 1435 feruntur,
983 1379 1023 1421 ex
1040 1379 1243 1444 quacumque
1256 1374 1305 1419 355

116 1468 210 1545 parte
232 1457 266 1521 id
287 1457 354 1536 fiet,
375 1458 464 1523 venti
487 1444 731 1543 exspectentur3
755 1457 782 1522 si
805 1457 918 1523 eodem
939 1457 1012 1524 loco
1025 1457 1244 1544 globabuntur

117 1557 475 1645 adpropinquantesque
497 1558 556 1624 soli
578 1558 790 1624 discutientur
812 1568 845 1624 et
865 1559 928 1624 hoc
948 1559 990 1625 ab
1011 1559 1160 1644 aquilone
1176 1559 1242 1639 fiet,

117 1671 240 1738 ventos,
273 1661 300 1725 si
322 1661 363 1726 ab
391 1669 515 1737 austro,
543 1658 655 1724 imbris
682 1659 884 1745 portendant.
921 1659 996 1726 Sole
1023 1659 1189 1727 occidente
1216 1662 1243 1728 si

119 1772 317 1844 enutraqne
337 1770 430 1846 parte
452 1759 522 1825 eius
545 1759 668 1824 caelum
689 1769 812 1846 petent,
834 1770 1057 1847 tempestatem
1077 1760 1242 1848 significa·

117 1860 213 1937 bunt3
237 1861 457 1928 vehementius
480 1869 566 1926 atrae
588 1861 630 1925 ab
652 1860 775 1927 oriente
796 1861 831 1926 in
845 1872 972 1927 noctem
986 1882 1102 1946 aquam
1115 1862 1242 1928 minan-

119 1973 185 2040 tur,
217 1962 259 2028 ab
291 1962 457 2029 occidente
483 1961 517 2027 in
544 1971 710 2048 posterum
736 1962 831 2027 diem.
869 1959 906 2027 Si
934 1963 1037 2029 nubes
1061 1972 1099 2027 ut
1125 1963 1243 2038 vellera
1255 1977 1304 2023 355

116 2064 209 2129 lanae
231 2074 425 2149 spargentur
445 2062 563 2128 multae
585 2063 626 2128 ab
649 2062 780 2142 oriente,
803 2084 920 2147 aquam
941 2063 975 2128 in
991 2063 1134 2129 triduum
1147 2086 1242 2151 prae·

118 2164 251 2251 sagient.
275 2161 358 2228 Cum
380 2164 414 2227 in
437 2163 656 2229 cacuminibus
677 2164 831 2229 montium
853 2165 957 2230 nubes
972 2163 1151 2257 consident,
1171 2164 1241 2231 bie·

118 2263 234 2339 mabit3
269 2263 296 2328 si
319 2264 487 2329 cacumina
508 2286 590 2350 pura
610 2263 698 2342 fient,
732 2265 953 2332 disserenabit.
991 2263 1086 2332 Nube
1107 2266 1244 2353 gravida

120 2364 318 2442 candicante,
330 2364 418 2450 quod
431 2374 548 2429 vocant
561 2364 913 2450 tempestatemalbam,
924 2364 1048 2452 grando
1062 2365 1242 2433 inminebit.

121 2462 221 2532 Caelo
247 2466 394 2550 quamvis
423 2486 535 2530 sereno
562 2464 721 2531 nubecula
746 2466 892 2548 quamvis
913 2488 1014 2552 parva
1033 2465 1145 2532 flatum
1166 2488 1242 2552 pro-

121 2568 271 2633 cellosum
293 2566 393 2632 dabit.

155 2779 240 2840 5351.
258 2777 281 2824 si
296 2775 380 2835 ninus,
397 2777 459 2825 a2d.
485 2776 564 2834 sinus,
582 2777 618 2826 31.
637 2777 670 2826 V.
683 2776 814 2838 Theophr.
832 2770 894 2839 περὶ
910 2770 1031 2841 σημείων
1047 2770 1152 2823 ὑδάτων
1167 2782 1189 2838 1,
1202 2781 1241 2826 31.

120 2860 145 2906 p.
164 2845 220 2894 788.
244 2850 268 2904 3,
287 2848 308 2895 7.
327 2859 353 2908 p.
370 2845 426 2892 791.
452 2883 481 2892 ..
501 2843 585 2908 sulqat
598 2843 701 2907 pluviae,
717 2860 740 2892 a.
758 2841 871 2905 sulpura,
887 2843 919 2893 T.
937 2839 1049 2905 sulqora,
1065 2843 1089 2891 d.
1107 2841 1241 2906 falqetrae,

120 2911 199 2960 Hard.
212 2926 225 2959 3
237 2914 309 2961 codd.
323 2909 361 2974 (1)
373 2926 397 2975 γ.
417 2951 448 2959 ..
471 2918 494 2958 et
504 2910 627 2973 biemabit3
645 2925 691 2975 pro
704 2911 744 2961 his
756 2925 796 2959 vv.
809 2911 902 2959 habent
913 2907 1055 2958 (5131335811
1065 2908 1138 2972 Τᾶγ,
1162 2909 1241 2959 abbia·

120 2977 227 3029 navita.
247 3019 277 3027 ..
305 2995 341 3040 en,
358 2994 409 3029 om.
421 2981 445 3028 (1.
465 3019 496 3028 ...
515 2977 662 3044 fulqurant,
675 2994 698 3029 3.
715 2975 865 3041 fulqurabr't,
879 2973 920 3038 ᾱβ
943 3013 949 3026 .
969 3016 1000 3025 -
1019 2974 1151 3039 portendat,
1168 2979 1241 3028 Tad.

116 3045 246 3109 portendit,
256 3041 286 3107 β.
305 3088 336 3096 -
347 3045 495 3111 fulguravit,
508 3047 532 3096 (1.
542 3044 682 3112 fulqurant,
694 3061 717 3094 3.
727 3044 900 3109 sulquriwm‘t
936 3058 961 3108 r.
981 3083 1012 3093 ..
1030 3041 1207 3107 demonstrauit,
1218 3047 1241 3096 d.

154 3131 239 3190 §tnta
266 3129 487 3193 incoatum,Tad.
514 3126 653 3194 33313,βγ.
672 3171 704 3179 -
727 3144 764 3188 ea,
780 3131 811 3180 Τ.
838 3145 874 3190 ca,
891 3145 914 3178 a.
941 3143 965 3188 n,
981 3123 1052 3191 (Ιβγ.
1074 3167 1102 3176 -
1126 3128 1241 3177 3331333-

116 3203 246 3259 portentur,
258 3214 281 3246 a.
300 3205 455 3261 suparatur,
468 3201 491 3248 (1.
510 3206 672 3263 exspectantur
683 3196 752 3258 uenti,
764 3193 814 3260 βγ.
833 3237 864 3244 -
883 3195 1147 3259 appropinquantesque
1157 3194 1210 3257 soli,
1221 3211 1241 3245 r.

120 3260 383 3326 adpropinquanteque
393 3263 448 3324 soli,
460 3281 483 3315 a.
501 3264 751 3330 adpropinquantique
761 3262 816 3326 soli,
826 3264 860 3314 D.
879 3262 1132 3327 appropinquanteque
1142 3262 1198 3323 sole,
1210 3263 1241 3313 T.

120 3328 327 3392 appropinquante
340 3328 396 3391 sole,
410 3327 453 3390 (1β
457 3345 482 3395 γ.
500 3372 532 3380 -
552 3332 719 3393 discutiantur,
731 3349 752 3381 r.
770 3373 801 3380 -
820 3338 843 3379 et
854 3329 904 3392 boe,
915 3332 1035 3381 DTadr.
1054 3325 1241 3393 3833311955

120 3437 151 3446 ..
162 3395 218 3457 fiet,
230 3398 313 3446 DTa.
324 3396 384 3459 fiat,
397 3398 413 3446 (1
418 3392 440 3457 β
445 3411 470 3461 γ.
490 3437 521 3446 .,
539 3398 562 3445 ai
573 3399 604 3446 ab
615 3406 724 3461 utraque,
735 3400 768 3449 K.
782 3440 813 3448 ..
828 3406 915 3461 petant,
928 3398 954 3447 K
965 3395 1052 3458 (codd.
1064 3395 1136 3459 Gal.)
1150 3404 1241 3461 petant,
1282 3389 1291 3403 ”

120 3466 173 3514 Td.
188 3471 264 3527 patet,
276 3480 299 3512 a.
319 3504 350 3513 ..
369 3471 440 3524 nocta,
454 3465 479 3512 d.
1178 3500 1181 3505 .

153 3551 168 3614 ξ
181 3554 239 3599 358.
259 3555 413 3614 aparqantun
424 3549 477 3599 Td.
495 3548 528 3598 V.
540 3547 673 3611 Theophr.
689 3549 706 3598 1.
719 3548 735 3598 l.
750 3555 772 3608 1,
788 3555 826 3600 18.
838 3565 864 3612 p.
879 3552 935 3601 788.
953 3588 984 3598 ..
1007 3549 1034 3597 in
1047 3547 1159 3611 triduum,
1171 3566 1194 3600 a.
1216 3547 1243 3598 in

116 3614 249 3679 pertriduo,
266 3617 335 3666 Td2.
348 3616 406 3667 Om.
420 3617 457 3664 (1¹.
484 3614 509 3663 in
522 3622 641 3678 posterum
658 3613 728 3675 diem,
744 3617 811 3666 Pint.
830 3656 862 3664 -
884 3615 1051 3680 praecaptum,
1064 3617 1096 3666 T.
1116 3657 1148 3666 -
1165 3615 1242 3666 wasi-

119 3683 182 3744 dent,
194 3684 283 3733 Tadr.
301 3680 430 3743 concident,
441 3677 471 3744 β.
490 3723 521 3733 ..
535 3680 611 3745 fiant,
623 3684 655 3733 T.
673 3684 707 3733 V.
720 3684 851 3747 Theophr.
863 3685 881 3732 l.
893 3684 911 3733 l.
924 3689 948 3744 4,
960 3689 984 3733 8.
1001 3697 1027 3746 p.
1042 3686 1100 3734 798.
1118 3725 1149 3733 -
1170 3683 1242 3734 (11333-

119 3751 217 3809 renabit,
230 3768 253 3801 a.
276 3748 326 3800 dies
337 3750 490 3812 carnalitur,
503 3750 555 3800 Td.
574 3791 605 3799 ..
623 3750 717 3812 abbam,
729 3766 752 3800 3.
774 3752 807 3801 V.
820 3752 949 3815 Theophr.
961 3751 979 3800 1.
991 3750 1008 3800 l.
1022 3757 1046 3811 3,
1058 3757 1082 3800 8.
1094 3767 1120 3815 p.
1135 3755 1192 3803 798.
1210 3791 1242 3801 .-

118 3832 242 3946 33333393
268 3834 285 3866 a
300 3834 389 3879 333333,
406 3820 429 3869 d.
455 3820 489 3868 V.
507 3818 639 3882 Theophr.
656 3819 673 3868 l.
686 3820 704 3868 l.
723 3825 747 3879 3,
760 3824 783 3868 6.
800 3833 827 3881 p.
841 3821 897 3870 795.
922 3859 954 3868 ..
972 3816 1071 3881 flatum,
1088 3819 1162 3869 Tad.
1187 3834 1242 3868 ven·

120 3893 175 3948 ram,
209 3921 215 3935 .

152 3974 167 4035 ξ
180 3973 238 4020 357.
261 3967 382 4030 moratus,
394 3971 467 4020 Tad.
490 3971 634 4030 amantibus,
646 3965 697 4034 βγ.
715 3971 749 4020 V.
763 3970 894 4033 Theophr.
908 3970 926 4020 1.
939 3970 957 4019 1.
970 3975 995 4030 4,
1008 3975 1031 4019 3.
1043 3985 1068 4033 p.
1083 3973 1140 4021 798.
1161 4010 1192 4020 -
1210 3968 1242 4019 si·

119 4036 206 4099 dentes,
218 4039 272 4088 Td.
290 4035 402 4098 sedentes,
414 4034 464 4099 ad.
478 4079 508 4087 ..
524 4038 667 4102 promittent,
679 4054 702 4088 a.
718 4037 866 4101 promittunt,
878 4032 951 4102 (Ιβγ.
970 4078 1001 4088 ..
1020 4037 1076 4098 iam,
1088 4038 1144 4088 Da.
1163 4036 1242 4099 enam,

120 4101 193 4169 (ὶβγ.
208 4106 265 4156 Om.
278 4120 298 4154 r.
318 4146 349 4154 ..
359 4105 443 4171 junqi,
456 4107 588 4170 Theophr.
600 4108 618 4155 l.
630 4107 648 4168 1.
661 4113 685 4167 3,
700 4111 722 4155 5.
734 4121 759 4170 p.
774 4108 830 4156 795.

153 4193 168 4254 ς
180 4195 238 4240 358.
262 4205 295 4251 eo,
308 4206 331 4241 a.
349 4206 429 4252 aeone,
440 4193 473 4241 D.
493 4206 555 4251 eona,
569 4192 622 4257 Td.
646 4190 684 4246 iis,
695 4191 728 4240 K.
744 4189 815 4252 sanc,
827 4190 894 4240 Pint.
913 4190 1028 4253 Vulgata
1039 4190 1134 4253 inepta,
1147 4202 1206 4240 cum
1218 4205 1243 4237 ao

119 4273 171 4308 non
188 4258 287 4318 habeat,
306 4273 356 4321 quo
368 4257 502 4321 reseratum
521 4274 554 4309 ex
571 4259 693 4323 scriptura
705 4259 761 4308 cod.
772 4260 798 4307 D
809 4258 947 4320 legendum
960 4272 1014 4308 csse
1026 4257 1146 4309 existimo
1159 4271 1243 4308 anone
