2754 4726
402 292 472 340 nm.
488 293 563 340 xvr.
592 294 670 344 car.
687 295 785 344 xnrv.
817 295 914 345 snor.
930 298 1013 342 uni
1229 283 1270 349 68

192 445 243 508 89.
272 442 374 530 Argis
395 443 466 508 olea
487 444 667 509 etiamnunc
689 445 805 510 durare
832 447 962 525 dicitur,
992 448 1034 511 ad
1059 470 1157 533 quam
1178 449 1216 516 Io'
1236 451 1270 517 in
1283 469 1332 514 aas

149 566 280 610 vaccam
305 554 460 608 mutatam
481 543 592 629 Argus
619 545 819 632 adligaverit.
853 546 893 611 In
918 548 1022 614 Ponto
1049 549 1134 616 circa
1162 550 1270 617 Hera·

149 645 249 711 oleam
271 667 347 709 arae
369 656 445 709 sunt
466 645 553 710 Iovis
568 645 711 730 Στρατίου
734 647 940 734 cognomiue3
962 649 1008 715 ibi
1028 671 1165 733 quercus
1186 652 1270 723 duae
1370 674 1374 682 “

149 745 190 810 ab
216 744 360 810 Hercule
390 755 489 810 satae.
525 745 565 809 In
594 746 706 811 eodem
732 758 838 813 tractu
858 759 971 834 portus
992 748 1110 835 Amyci
1132 762 1181 817 est
1202 751 1269 819 Be*

148 847 248 930 bryoe
268 868 348 931 rege
368 845 535 911 interfecto
565 847 667 912 clarus
674 871 683 924 3
717 848 786 913 eius
821 850 962 914 tumulus
994 874 1014 914 a
1044 873 1191 936 supremo
1218 851 1270 923 die

148 946 237 1011 lauro
260 946 380 1032 tegitur
400 968 497 1030 quam
517 945 663 1012 insanam
685 959 814 1026 vocant,
843 949 994 1032 quoniam
1023 951 1050 1014 si
1072 950 1150 1034 quid
1171 973 1212 1016 ex
1233 972 1272 1017 ea

148 1048 336 1132 decerptum
362 1046 521 1112 inferatur
546 1045 684 1112 navibus
709 1047 815 1134 iurgia
841 1049 940 1127 fiunt,
975 1049 1077 1116 donec
1102 1050 1268 1117 abiciatur.

98 1193 101 1195 ‡
148 1148 328 1236 Regionem
355 1147 559 1213 Aulocrenen
586 1148 742 1226 diximus,
775 1172 835 1234 per
861 1172 959 1234 quam
990 1150 1032 1215 ab
1064 1151 1204 1236 Apamia
1234 1151 1270 1217 in
1283 1169 1332 1216 rso

147 1248 326 1334 Phrygiam
352 1250 419 1313 itur
425 1274 434 1327 3
467 1247 513 1313 ibi
534 1247 686 1334 platanus
707 1250 898 1328 ostenditur,
932 1274 973 1316 ex
994 1274 1058 1336 qua
1079 1252 1270 1336 pependerit

150 1345 302 1434 Marsyas
333 1349 439 1415 victus
471 1350 512 1415 ab
544 1349 705 1434 Apolline,
739 1373 823 1435 quae
854 1351 919 1415 iam
951 1362 1020 1416 tum
1050 1354 1270 1440 magnitudine

150 1449 249 1516 electa
270 1461 320 1516 est
327 1475 337 1527 3
368 1473 430 1516 nec
451 1473 516 1516 non
537 1449 645 1535 palma
664 1450 741 1515 Deli
763 1450 803 1515 ab
827 1451 970 1516 eiusdem
991 1453 1045 1518 dei
1065 1463 1170 1521 aetate
1192 1476 1268 1520 oon·
1321 1532 1325 1537 p

150 1549 293 1636 spicitur,
327 1549 498 1636 Olympiae
520 1552 672 1628 oleaster,
706 1574 746 1616 ex
769 1572 834 1634 quo
855 1552 978 1638 primus
1000 1552 1157 1643 Qules
1178 1576 1269 1620 coro·
1296 1588 1299 1594 ·

149 1660 243 1715 natus
269 1662 334 1730 est;
367 1661 400 1716 et
424 1674 510 1717 nunc
531 1651 712 1717 custoditur
732 1653 855 1740 religio.
892 1653 1030 1719 Athenis
1052 1675 1185 1738 quoque.
1200 1656 1270 1722 olea

152 1751 268 1817 durare
289 1752 425 1817 traditur
444 1753 479 1816 in
500 1753 674 1818 certamine
695 1753 782 1817 edita
802 1777 822 1817 a
843 1752 1001 1819 Minerva

191 1853 243 1917 90.
264 1851 320 1916 Ex
341 1853 470 1918 diverso
491 1853 681 1921 brevissima
702 1854 769 1918 vita
790 1864 840 1918 est
859 1855 994 1939 punicis,
1022 1856 1095 1933 fico,
1123 1856 1216 1920 malis
1237 1865 1269 1921 et
1281 1873 1329 1918 241

152 1974 191 2016 ex
211 1953 262 2018 his
284 1955 493 2039 praecocibus
519 1954 647 2019 brevior
676 1974 773 2037 quam
802 1954 966 2029 serotinis,
999 1953 1146 2019 dulcibus
1172 1976 1269 2038 quam

150 2053 268 2133 acutis,
296 2066 329 2120 et
358 2055 492 2121 dulciori
514 2055 549 2119 in
570 2053 711 2140 punicis;
738 2054 817 2118 item
838 2053 872 2117 in
893 2053 1013 2118 vitibus
1033 2055 1269 2140 praecipueque

150 2153 364 2221 fertilioribus.
402 2153 583 2222 Graecinus
609 2165 720 2221 auctor
746 2166 794 2220 est
822 2155 993 2240 sexagenis
1021 2155 1113 2220 annis
1135 2156 1269 2223 durasse
1305 2225 1310 2238 l

150 2255 233 2321 vitis.
255 2255 417 2322 Videntur
439 2258 657 2342 etaquaticae
679 2257 813 2322 celerius
834 2255 977 2321 interire.
1001 2252 1182 2338 Senesount
1196 2257 1267 2342 qui·

150 2356 222 2421 dem
248 2358 399 2423 velociter
431 2358 488 2423 sed
514 2381 532 2423 e
559 2358 721 2423 radicibus
742 2357 936 2443 repullulant
955 2358 1066 2423 laurus
1088 2368 1121 2422 et
1140 2357 1216 2423 mali
1237 2367 1269 2423 et

148 2458 293 2543 punicae.
325 2458 543 2524 Firmissimae
565 2479 644 2546 ergo
665 2458 707 2522 ad
727 2458 899 2522 vivendum
921 2459 1020 2537 oleae,
1049 2469 1085 2524 ut
1104 2480 1185 2543 quas
1206 2457 1267 2523 du-

149 2581 219 2624 rare
241 2560 333 2624 annis
353 2581 391 2626 oc
412 2560 497 2625 inter
517 2569 664 2624 auctores
685 2559 863 2625 conveniat

190 2663 241 2725 91.
263 2660 326 2726 Est
345 2661 380 2726 in
402 2658 586 2727 suburbano
608 2657 785 2724 Tusculani
806 2661 878 2744 agri
900 2659 979 2724 colle
1001 2661 1056 2742 qui
1079 2658 1187 2724 Corne
1208 2682 1266 2745 ap-
1280 2673 1330 2721 242

149 2762 286 2847 pellatur
312 2764 405 2829 lucus
436 2762 566 2846 antiqua
598 2759 769 2846 religione·
786 2758 912 2824 Dianae
943 2771 1086 2826 sacratus
1113 2783 1132 2824 a
1157 2759 1266 2837 Latio,

140 2984 246 3018 naccon
258 2977 285 3019 et
296 2976 389 3018 taurum
401 2970 541 3033 adscriptae
553 2976 632 3029 erant,
648 2983 756 3031 quarum
766 2968 814 3018 illa
824 2967 852 3016 in
863 2982 907 3016 eos
919 2966 1018 3015 codices
1030 2965 1158 3028 migravit,
1176 2966 1268 3028 quibus

149 3036 224 3086 lectio
240 3037 344 3099 vulgata
361 3038 476 3097 debetur,
495 3036 560 3086 haec
576 3037 667 3094 ineos,
685 3037 729 3099 qni
739 3049 807 3084 nnnc
818 3035 893 3083 nobis
905 3040 1006 3095 praesto
1018 3040 1083 3081 sunt.
1101 3073 1133 3082 ..
1151 3031 1221 3094 citra,
1236 3025 1264 3083 θ.

150 3143 181 3152 ..
199 3103 304 3165 Stratie,
319 3096 347 3154 θ.
375 3102 489 3163 Stratina',
502 3104 575 3152 codd.
586 3102 700 3151 Barbari.
728 3100 839 3161 Soanoi,
852 3116 874 3148 a.
902 3097 997 3159 suarii,
1011 3096 1081 3164 dssy.
1104 3102 1275 3164 Egonomen,

150 3170 275 3221 Graecum
286 3171 394 3235 reposui.
414 3209 441 3220 ..
468 3169 508 3230 iti,
524 3163 621 3219 OTad.
644 3167 692 3229 obi,
703 3184 724 3217 r.
748 3167 833 3228 ababuc
844 3161 874 3227 β.
894 3206 925 3214 -
944 3164 1012 3226 duae,
1025 3181 1075 3217 om.
1088 3170 1112 3218 d.
1132 3208 1162 3216 ..
1180 3167 1205 3216 A
1243 3168 1268 3218 oi

146 3245 190 3298 est,
207 3232 286 3288 θΤο..
313 3236 431 3302 Amyclas,
447 3240 471 3287 d.
498 3234 637 3299 erumpe,
651 3250 671 3283 r.
698 3233 850 3298 est‚Ampco,
865 3233 970 3283 Barbam
983 3229 1011 3294 β.
1030 3275 1062 3283 -
1088 3234 1203 3299 Bebryca,
1244 3253 1265 3286 r.

152 3303 251 3366 tetrica
263 3321 287 3354 a.
316 3303 446 3364 umere,
459 3305 483 3352 d.
506 3300 765 3367 Bebryoum‚Barbar.
777 3296 806 3362 β.
825 3341 857 3350 -
877 3317 895 3350 a
907 3317 1014 3364 supremo
1026 3300 1075 3364 die;
1093 3304 1120 3352 in
1132 3304 1171 3352 his
1183 3304 1266 3354 verbis

141 3373 236 3422 vitum
247 3373 330 3423 inesse
340 3379 408 3422 recte
419 3372 515 3421 indicat
526 3369 557 3421 Ο.
569 3370 645 3419 Inhn.
656 3370 683 3420 in
694 3366 731 3419 dn
742 3367 910 3420 Fs'oorondrcde
924 3366 990 3418 Cirta
1000 3386 1026 3434 p.
1036 3376 1060 3419 4.
1077 3370 1143 3419 Mihi
1155 3371 1264 3420 scriben-

144 3439 209 3488 dum
219 3441 320 3490 videtur
334 3456 352 3488 a
362 3437 544 3502 supereminente
555 3435 667 3500 hodieque
679 3436 746 3486 lauro
759 3445 779 3485 te
795 3438 853 3498 itur,
871 3438 930 3487 coll.
946 3439 1028 3487 schol.
1040 3438 1129 3500 Apoll.
1141 3438 1227 3486 Rhod.
1240 3444 1264 3498 2,

151 3511 207 3556 159.
228 3497 286 3555 ἀλλ’
301 3501 373 3555 ἔστιν
386 3505 416 3555 ἐν
430 3501 525 3570 ἐκείνῳ
537 3502 577 3571 τῷ
586 3500 659 3571 τόπῳ
671 3501 757 3569 φυτὸν
770 3454 878 3570 ἕάφνης
888 3501 1082 3568 ὑπερμέγεθες.
1105 3504 1264 3554 Persimilem

136 3570 207 3622 ludo
217 3575 305 3624 locum
316 3589 340 3623 v.
353 3580 377 3636 9,
391 3580 448 3623 149.
465 3613 497 3623 ,.
508 3571 582 3634 finnt,
594 3574 645 3624 Ta.
655 3573 732 3635 flant,
746 3568 818 3637 ἁβγ.

184 3642 266 3703 5940.
293 3639 449 3697 Aulocrenen,
466 3641 490 3689 d.
516 3638 666 3701 Aulotrenen‚
683 3655 699 3689 a
715 3637 803 3702 (codd.
819 3639 982 3690 vetustissimi
997 3654 1039 3702 ap.
1057 3638 1163 3689 Salmas.
1181 3653 1263 3690 exerc.

133 3706 337 3771 11989110.)
355 3749 387 3757 -
410 3705 513 3757 dinnao
525 3713 548 3769 5,
563 3715 618 3759 106.
637 3749 670 3758 -
692 3709 730 3769 ao,
747 3707 829 3757 omitt.
841 3709 886 3756 ad.
908 3707 946 3756 At
956 3722 979 3754 v.
991 3707 1009 3754 l.
1021 3707 1039 3754 l.
1058 3745 1089 3754 ..
1111 3703 1227 3768 Apamia,
1239 3723 1263 3757 a.

131 3770 266 3837 ¹Aponiana,
279 3769 332 3827 Od.
351 3816 383 3826 -
405 3775 489 3839 pinna
504 3776 571 3826 Pint
589 3816 622 3826 -
644 3773 790 3839 pependerit,
810 3766 908 3825 &Tau
932 3770 1052 3835 pependit,
1067 3767 1097 3833 β.
1115 3813 1147 3822 ...
1170 3774 1262 3835 iam‚a.

130 3838 225 3904 edon,
236 3845 261 3893 d.
281 3883 313 3892 ..
328 3842 428 3907 pamas,
440 3845 483 3892 ad.
501 3841 608 3906 optimus,
619 3857 744 3893 manuscr.
756 3843 835 3892 Paris.
847 3853 888 3904 ap.
900 3841 988 3891 Dalec.
1007 3881 1038 3890 ..
1057 3839 1147 3903 reliqu,
1163 3831 1262 3892 Grau.

125 3903 296 3972 rdinum?
318 3946 325 3961 .
344 3950 376 3960 ..
394 3909 502 3971 editad.
520 3906 590 3971 edito,
605 3903 683 3959 dua.
830 3931 834 3939 ·
1056 3921 1059 3928 ·
1198 3944 1202 3950 .
1309 3911 1310 3914 ’

185 3976 268 4036 52⁴1.
312 3973 713 4039 ndioeroo,ad.'Ediverso,ssr.
731 3975 965 4039 V.The0phr.1.1.
978 3975 1025 4024 lv.
1041 3981 1079 4035 13,
1092 3982 1115 4024 2.
1129 4015 1159 4024 ..
1178 3973 1264 4036 acido,

125 4033 213 4094 Pint
232 4087 265 4094 -
284 4043 391 4103 dulciori,
404 4046 477 4094 codd.
490 4044 548 4096 Gel.
574 4042 727 4105 dalenard.
753 4040 858 4102 dilutior,
870 4044 944 4092 codd.
956 4043 1070 4092 Barbari.
1089 4082 1119 4090 ..
1143 4041 1263 4106 oppressa

118 4099 213 4162 Pina
232 4153 265 4162 -
274 4110 410 4176 fertilibus,
422 4113 474 4161 Τὰ.
493 4151 525 4160 ..
543 4111 686 4168 autentos,
698 4112 771 4161 Pint-
784 4151 815 4160 ..
835 4107 967 4170 videndum,
979 4125 1001 4158 a.
1217 4153 1220 4157 .

180 4173 266 4232 iata.
287 4175 433 4239 (iurulenta,
444 4195 464 4228 r.
485 4174 561 4239 Come,
572 4179 605 4228 K.
622 4180 656 4229 V.
666 4179 766 4230 Cluver.
777 4177 834 4228 Ital.
847 4185 898 4228 ant.
908 4184 932 4237 2,
943 4182 982 4226 lt.
994 4192 1018 4240 p.
1029 4178 1085 4227 779.
1098 4185 1123 4226 et
1134 4177 1262 4226 Drakeub.

120 4235 174 4282 aa
186 4240 246 4297 Liv.
258 4255 282 4307 a,
295 4253 336 4298 aa.
356 4287 387 4296 -
405 4245 502 4306 Latino,
513 4246 603 4313 paleo.
619 4245 697 4308 Tan,
708 4244 796 4296 neus.
808 4247 840 4295 ad
852 4244 925 4296 oria
937 4251 983 4294 art
995 4253 1071 4294 amaa
1086 4250 1108 4304 1,
1120 4249 1177 4294 eae.
1263 4277 1264 4281 ,
