2754 4726
358 307 429 354 nus.
444 307 505 354 xx.
535 306 613 353 car.
630 307 703 354 nur.
721 307 781 353 xx.
811 304 910 353 auur.
926 306 1009 351 so-sa.
1177 291 1240 357 ctu

120 468 197 545 potu
219 455 365 543 prodest,
399 455 645 545 purgationibus
666 456 836 546 mulierum
856 456 1012 525 acetabuli
1034 480 1185 525 mensura
1206 459 1241 524 in

121 583 215 646 sapa,
243 558 397 644 podagris
419 558 530 624 calidis
553 580 626 623 cum
648 559 714 624 sale
736 558 826 624 inlita
852 568 885 624 et
906 580 997 625 sacro
1018 558 1098 647 igni.
1134 555 1241 626 Sucus
1254 577 1303 623 ars

120 662 190 728 eius
212 670 306 745 potus
333 659 419 723 renis
452 658 543 724 iuvat
569 679 606 725 ac
637 658 780 738 vesicas,
817 658 937 725 ventris
963 658 1115 727 animalia
1140 660 1240 746 pellit

119 765 174 831 Ad
196 762 361 829 volnerum
384 761 510 827 dolores
532 784 573 827 ex
600 761 669 827 oleo
698 783 771 828 cum
799 761 925 848 polenta
951 760 1132 847 inponitur;
1167 783 1241 828 uer·

20 941 23 945 ,
119 885 231 932 vorum
253 862 387 929 duritias
414 861 543 929 emollit.
580 861 787 929 Metrodorus
815 863 871 947 qui
900 863 1041 947 ἐπιτομὴν
1069 863 1241 947 priorepar-

120 965 217 1048 μένων
241 964 370 1050 scripsit
390 962 637 1051 purgationibus
658 975 794 1050 apertu
816 962 957 1029 dandam
978 963 1119 1041 censuit3
1144 985 1242 1031 vene·

119 1087 189 1133 rcm
222 1064 348 1131 inhibet
380 1065 570 1148 venerisque
603 1065 735 1131 somnia.
785 1065 943 1131 Praetorii
977 1063 1040 1129 viri
1072 1073 1165 1150 pater
1195 1075 1244 1131 est
1257 1079 1304 1125 215

119 1166 296 1252 Hispaniae
318 1165 469 1251 princeps
489 1186 586 1249 quem
608 1166 675 1232 scio
695 1177 829 1252 propter
853 1164 1031 1252 inpetibilis
1052 1186 1135 1231 uvae
1156 1185 1243 1229 mor-

120 1266 180 1333 bos
201 1267 341 1333 radicem
365 1266 434 1333 eius
455 1266 510 1332 filo
525 1288 716 1351 suspensam
738 1267 852 1334 ecollo
873 1288 997 1351 gerere,
1019 1270 1243 1353 praeterquam

119 1367 153 1433 iu
175 1367 323 1446 balineis,
339 1368 384 1433 ita
403 1366 573 1432 liberatum
593 1367 793 1434 incommodo
814 1367 911 1433 omni.
949 1365 1041 1448 Quin
1068 1366 1163 1431 etiam
1192 1364 1242 1429 in·

119 1470 195 1536 veni
229 1469 316 1554 apud
351 1478 499 1534 auctores
531 1479 631 1554 caput
662 1469 788 1535 inlitum
817 1490 856 1533 ea
884 1466 1132 1534 destillationem
1159 1486 1244 1530 auno

120 1580 189 1636 toto
209 1592 274 1635 non
296 1570 413 1635 sentire
420 1593 429 1646 3
452 1569 562 1636 oculos
584 1579 690 1635 tamen
711 1569 864 1637 hebetare
884 1575 1046 1655 putatur.¹
1085 1630 1088 1636 ⁴
1184 1590 1187 1599 ¹

161 1672 214 1736 82.
238 1668 453 1737 Coriendrum
474 1669 559 1736 iuter
573 1668 732 1737 silvestria
753 1693 818 1736 non
832 1670 1012 1744 invenitur;
1034 1667 1243 1755 praecipuum
1257 1683 1306 1728 ars

120 1775 192 1837 esse
206 1781 330 1843 constat
338 1770 552 1859 Aegyptium.
574 1770 673 1836 Valet
687 1781 799 1838 contra
813 1770 1012 1859 serpentium
1025 1789 1129 1857 genus
1143 1787 1244 1833 unum

118 1872 206 1954 quod
233 1871 482 1955 amphisbaenas
509 1881 627 1936 vocant
652 1881 764 1956 potum
796 1871 1053 1957 inpositumque3
1088 1877 1181 1934 sanat
1213 1877 1245 1932 et

120 1971 184 2036 alia
204 1972 345 2048 volnera,
367 1970 580 2056 epinyctidas,
609 1971 744 2056 pusulas
764 1972 891 2050 tritum3
927 1971 974 2036 sic
1000 1981 1032 2035 et
1059 1969 1165 2034 omnis
1192 1978 1244 2033 tu·

120 2092 224 2136 mores
245 2071 512 2154 collectionesque
533 2093 609 2138 cum
630 2072 724 2138 melle
746 2081 803 2138 aut
822 2094 887 2140 uva
907 2091 1016 2158 passa,
1042 2090 1144 2155 panos
1166 2088 1244 2134 vero

71 2186 74 2191 ’
121 2193 162 2236 ax
188 2181 279 2237 aceto
307 2174 428 2238 tritum.
473 2169 614 2237 Seminis
642 2195 745 2261 grana
776 2173 836 2239 tria
861 2173 895 2238 in
924 2170 1070 2239 tertianis
1097 2168 1245 2236 devorari
1314 2176 1319 2193 ¹

120 2271 233 2338 iubent
252 2273 351 2357 aliqui
372 2282 447 2338 ante
476 2274 692 2339 accessionem
713 2275 766 2342 vel
791 2274 884 2361 plura
904 2273 996 2338 inlini
1017 2271 1123 2338 fronti.
1159 2268 1245 2335 Sunt
1257 2285 1306 2332 217

119 2374 175 2456 qui
197 2384 325 2440 etanta
347 2374 424 2440 solis
445 2384 551 2440 ortum
571 2375 782 2441 cervicalibus
799 2375 903 2440 subici
925 2373 1103 2440 efficaciter
1117 2381 1243 2458 putent.

119 2473 179 2539 Vis
201 2497 319 2560 magna
345 2475 387 2538 ed
415 2474 654 2562 refrigerandos
676 2474 806 2540 ardores
827 2474 933 2539 viridi.
970 2473 1093 2541 Ulcera
1113 2492 1244 2557 quoque

119 2596 202 2659 quae
226 2584 359 2659 serpunt
385 2585 478 2638 sanat
504 2595 578 2640 cum
604 2573 697 2638 melle
727 2573 778 2638 vel
802 2596 867 2639 uva
893 2594 1008 2657 passa,
1036 2573 1113 2636 item
1143 2571 1244 2646 testis,

118 2676 279 2750 ambusta,
303 2673 530 2753 carbunculos,
558 2673 663 2751 auris,
692 2696 765 2741 cum
794 2674 877 2740 lacte
890 2671 1049 2739 mulieris
1070 2671 1244 2756 epiphoras

118 2776 301 2851 oculorum,
335 2774 475 2852 ventris,
502 2776 730 2859 intestinorum
762 2775 931 2841 fluctiones
960 2795 1068 2840 semen
1097 2795 1137 2839 ex
1158 2793 1244 2856 aqua

118 2887 247 2961 potum;
276 2873 397 2939 bibitur
419 2885 452 2941 et
472 2875 507 2941 in
530 2868 667 2942 choleris
689 2899 763 2942 cum
785 2886 868 2941 ruta.
903 2874 1000 2940 Pellit
1020 2871 1171 2939 animalia
1191 2870 1241 2936 in·
1257 2862 1306 2934 ale

119 2986 322 3042 teraneorum
349 2999 423 3041 cum
450 2978 525 3042 mali
551 2976 661 3062 punici
697 3000 775 3044 suco
809 2988 841 3043 et
873 2977 944 3043 oleo
977 2997 1087 3040 semen
1121 2984 1242 3060 potum.

119 3076 322 3143 Xenocrates
346 3078 443 3142 tradit
463 3100 532 3144 rem
553 3079 682 3156 miram,
711 3079 739 3144 si
765 3100 842 3145 vera
864 3087 930 3154 est,
952 3086 1118 3140 menstrua
1141 3072 1243 3138 conti·

153 3253 238 3313 5214,
256 3248 337 3309 mollit,
351 3252 375 3299 d.
395 3290 426 3300 ..
445 3247 574 3315 ἐπιτομὴν
583 3247 829 3315 ῥιζοτομουμένων,
842 3251 887 3301 ad.
909 3248 1009 3313 eptam
1019 3247 1243 3313 rbaqotomumeaoa,

119 3318 154 3366 V.
174 3317 241 3366 ἐπιτ.
254 3317 308 3366 τῶν
317 3315 413 3382 priua,
425 3318 532 3368 Barbas.
544 3313 595 3381 βγ.

153 3404 238 3465 §ula
256 3400 390 3462 lboestmi,
402 3402 435 3450 V.
455 3441 487 3450 ..
510 3400 647 3464 Hispaniae
657 3401 776 3465 ρνίηοορε,
793 3417 844 3452 om.
858 3404 888 3453 T.
909 3443 939 3452 ..
963 3399 1112 3466 inpetibiles,
1125 3397 1242 3463 dddpp.

120 3467 271 3532 impatibiles,
283 3463 383 3531 Vassr.
400 3508 424 3515 -
439 3466 496 3529 filo,
508 3485 531 3518 a
542 3467 609 3531 filio,
619 3470 687 3520 Vd'.
697 3468 772 3534 solio,
785 3472 826 3519 d2.
841 3511 871 3519 ..
889 3468 1021 3530 bolmia,d.
1035 3509 1066 3519 ..
1085 3468 1129 3528 ita,
1140 3461 1242 3518 ovas.

120 3536 196 3597 etita,
208 3531 237 3596 β.
261 3537 348 3586 Verba
364 3534 506 3583 itu-omni
520 3550 571 3584 om.
584 3537 614 3586 T.
634 3577 665 3586 -
691 3537 798 3597 omai,a
825 3536 913 3597 omnio,
924 3537 959 3587 V.
976 3537 1035 3588 Om.
1047 3538 1071 3585 d.
1092 3575 1122 3584 ..
1148 3533 1243 3593 εικιίνο,

120 3605 157 3653 ad
168 3600 254 3663 (codd.
266 3600 338 3664 Ger.)
355 3600 446 3664 sentiri,
459 3602 492 3651 V.
512 3641 543 3651 -
557 3609 654 3666 putant,
667 3604 700 3653 V.

153 3688 167 3752 ξ
181 3692 239 3737 als.
264 3684 542 3750 praecantaverit
566 3682 720 3749 praecipuum
733 3692 818 3748 tamen,
833 3681 884 3749 βγ.
907 3687 948 3737 Dc
959 3701 986 3736 re
998 3700 1021 3734 v.
1033 3685 1152 3736 Dioscor.
1164 3689 1189 3744 3,
1202 3689 1242 3734 dl.

121 3795 152 3804 ..
170 3753 361 3814 mnswlstutim,
374 3752 478 3802 VTad
499 3792 528 3802 ..
551 3750 700 3814 aspiremus,
712 3753 766 3803 Vd.
789 3753 864 3802 amris
876 3767 954 3813 senaa
966 3769 990 3803 a.
1010 3791 1040 3801 ..
1059 3750 1242 3814 impositumque,

120 3824 163 3871 ad.
190 3836 259 3884 quoe,
275 3822 302 3874 V
317 3820 488 3887 suprascripto
506 3818 639 3884 impositum
656 3820 689 3873 ab
705 3819 802 3881 eadem,
820 3826 849 3870 at
863 3820 971 3880 videtur,
988 3833 1074 3869 mauu.
1092 3859 1123 3869 ..
1145 3815 1243 3882 pusulas

121 3888 209 3951 tritum,
220 3890 275 3939 Va.
290 3887 392 3952 parabas
404 3886 472 3949 trito,
483 3887 508 3936 d.

153 3975 238 4037 §m
257 3980 341 4033 camo,
353 3974 387 4023 V.
407 4013 437 4023 ..
461 3969 503 4033 ud,
520 3972 601 4023 omitt.
614 3972 689 4023 Vad.
710 4011 741 4022 ,.
765 3959 1001 4086 resaperaadrpsſsd.
1021 4009 1052 4021 ..
1076 3966 1243 4029 martinorum,
1307 3949 1310 3952 ⁴

116 4038 396 4171 mmetp'inpnpltinoram,
408 4034 480 4104 asty.
494 4080 525 4091 ,,.
539 4047 635 4105 potum;
647 4037 735 4088 tiata
746 4045 776 4101 et,
788 4053 811 4088 a
826 4044 908 4102 potum
934 4036 1053 4087 ibilaral
1064 4043 1095 4098 et,
1105 4036 1139 4089 V.
1157 4035 1244 4087 habitur

155 4195 170 4256 5
183 4197 241 4243 218.
259 4191 353 4252 sairam,
369 4183 516 4243 ovuadr.
530 4191 588 4243 Om.
599 4186 634 4260 βς
650 4189 751 4241 utillud
763 4189 983 4241 confirmatstiam
993 4188 1091 4254 Appul-
1102 4204 1127 4254 p.
1140 4190 1197 4241 267.
