2754 4726
355 303 423 348 nm.
442 303 543 350 xvm.
574 301 652 348 one.
670 303 781 351 xxxv.
813 304 910 352 sser.
926 309 957 351 a.
972 309 1002 351 eo.
1067 368 1073 381 ·
1177 291 1238 355 tet

114 454 186 521 erit.
223 449 260 519 Si
283 472 353 520 xv1.
377 440 597 523 vehementius
619 455 765 522 flammea
786 457 980 544 adparuerit,
1002 478 1134 544 asperas
1157 470 1238 526 tem-

112 565 254 642 pestates
276 555 492 642 praesegiet.”
517 554 601 623 Sunt
623 568 656 622 et
677 557 779 643 ipsius
800 558 895 624 lunse
916 580 977 624 vm
998 559 1134 640 articuli,
1157 582 1237 646 quo·
1250 576 1300 623 sto

111 659 195 724 tiens
221 658 256 722 in
282 658 419 744 angulos
447 657 523 723 solis
552 658 689 737 incidet,
723 659 887 746 plerisque
919 660 1004 726 inter
1031 658 1086 727 eos
1112 670 1238 729 tantum

78 823 84 829 .
110 758 361 825 observantibus
375 759 547 847 praesagia
561 760 641 838 eius,
663 759 725 826 hoe
740 771 789 826 est
804 782 863 840 111,
878 782 947 839 vn„
962 782 1104 841 x1.,xv.,
1119 782 1237 843 xvnn,

110 878 218 940 xxm,
241 876 347 924 xxvn.
371 869 402 924 et
423 859 639 927 interlunium.
1083 911 1088 919 .

153 963 205 1028 80.
228 956 342 1026 Tertio
363 954 435 1026 loco
457 960 618 1026 stellarum
641 962 898 1027 observationem
914 982 986 1026 esse
1001 972 1137 1049 oportet
1158 963 1237 1030 Dis-
1250 979 1295 1024 aar

111 1082 241 1129 currere
262 1061 323 1128 hae
345 1060 494 1126 videntur
514 1061 690 1141 interdum,
719 1062 871 1146 ventique
897 1061 1044 1148 protinus
1072 1075 1236 1146 secuntur,

108 1163 144 1229 in
172 1183 309 1249 quorum
336 1171 427 1248 parte
461 1163 506 1227 ita
540 1162 757 1249 praesagiere.
796 1156 930 1228 Caelum
959 1184 1034 1230 cum
1060 1165 1237 1250 aequaliter

110 1275 213 1330 totum
235 1263 296 1330 erit
317 1262 520 1350 splendidum
543 1258 685 1328 articulis
708 1273 888 1348 temporum
901 1283 983 1346 quos
997 1266 1235 1351 proposuimus,

109 1375 298 1430 autumnum
309 1386 459 1430 serenum
467 1362 647 1450 praestabit
658 1386 696 1430 ao
707 1362 870 1451 frigidum.
896 1361 934 1429 si
945 1386 1002 1430 ver
1014 1376 1046 1431 et
1055 1377 1161 1434 aestas
1171 1385 1236 1435 non

110 1464 180 1531 sine
200 1464 295 1554 riguo
316 1465 423 1551 aliquo
445 1464 641 1544 transierint,
664 1475 854 1530 autumnum
876 1486 1025 1531 serenum
1044 1488 1084 1533 ac
1097 1466 1236 1534 densum

109 1565 279 1652 minusque
299 1578 468 1634 ventosum
490 1566 627 1643 facient3
649 1567 795 1631 autumni
817 1565 972 1632 serenitas
986 1577 1150 1633 ventosam
1164 1568 1234 1636 hie-

107 1685 193 1732 mem
207 1668 292 1734 facit.
316 1666 401 1733 Cum
414 1677 548 1753 repente
564 1667 728 1733 stellarum
742 1666 849 1756 fulgor
862 1667 1061 1747 obscuratur,
1077 1678 1113 1731 ut
1127 1667 1162 1732 id
1175 1691 1234 1736 ne-
1247 1684 1296 1730 ess

108 1790 172 1852 que
187 1767 299 1835 nubilo
314 1788 375 1835 nec
391 1767 527 1855 caligine
541 1768 610 1847 fiat,
633 1786 751 1854 graves
766 1768 994 1834 denuntiantur
1015 1779 1232 1855 tempestates.

108 1867 147 1935 Si
168 1869 303 1936 volitare
323 1871 434 1957 plures
457 1869 567 1936 stellae
588 1868 793 1948 videbuntur,
816 1888 879 1953 quo
900 1869 1046 1934 ferentur
1066 1869 1232 1936 albescen-

107 1981 172 2050 tes,
205 1981 317 2038 ventos
344 1993 385 2037 ex
411 1970 452 2036 iis
479 1968 626 2055 partibus
652 1968 860 2045 nuntiabunt3
894 1976 927 2032 at
959 1967 988 2033 si
1020 1969 1232 2051 cursitabant,

106 2081 228 2150 certos,
261 2071 288 2137 si
316 2070 350 2135 id
371 2071 406 2136 in
427 2069 575 2158 pluribus
601 2069 748 2157 partibus
775 2069 849 2147 fiet,
880 2068 1092 2136 inconstantis
1119 2082 1232 2138 ventos

107 2172 258 2250 effundit3
290 2173 318 2238 si
351 2168 515 2238 stellarum
542 2171 717 2238 errantium
745 2171 885 2256 aliquem
912 2171 1007 2239 orbes
1032 2171 1231 2252 incluserint,

104 2273 229 2340 imbris.
264 2271 349 2338 Sunt
378 2272 412 2336 in
435 2273 529 2363 signo
551 2273 659 2338 cancri
681 2271 765 2338 duae
785 2272 896 2338 stellae
917 2294 1037 2359 parvae
1058 2270 1149 2340 aselli
1171 2296 1229 2361 sp-
1243 2289 1293 2334 sss

105 2375 252 2463 pelletee,
274 2358 429 2461 exiguum
442 2374 528 2439 inter
540 2373 612 2440 illas
627 2374 767 2460 spatium
780 2374 945 2461 optinente
959 2373 1119 2440 nubecula
1133 2393 1230 2459 quern

105 2475 277 2562 praesepio
297 2475 474 2563 appellent3
496 2474 578 2540 haec
599 2494 672 2540 cum
687 2473 774 2540 caelo
789 2496 903 2540 sereno
918 2474 1074 2561 adparere
1088 2472 1229 2553 desierit,

106 2587 199 2642 atrox
224 2576 327 2642 hiems
354 2576 515 2661 sequitur,
549 2575 599 2640 sin
627 2575 758 2639 alteram
780 2596 889 2640 earum
910 2574 1102 2658 aquiloniam
1123 2574 1229 2662 caligo

105 2676 250 2756 abstulit,
273 2686 384 2743 auster
404 2675 516 2755 saevit,
540 2676 567 2741 si
589 2675 774 2754 austrinam,
796 2675 913 2760 aquilo.
935 2673 1044 2740 Areus
1066 2695 1140 2738 eum
1155 2676 1240 2738 sunt'

105 2774 262 2864 duplices,
283 2777 411 2864 pluvias
432 2777 592 2858 nuntiant,
615 2776 766 2862 apluviis
788 2776 989 2842 serenitatem
1009 2797 1074 2840 non
1093 2773 1229 2860 perinde
1300 2826 1303 2830 .

105 2889 243 2958 certem,
265 2876 376 2946 circuli
396 2873 494 2946 nubis
515 2878 600 2946 circe
621 2876 728 2944 sidera
748 2874 856 2962 aliqua
874 2874 1028 2963 pluviam.
1203 2876 1206 2883 '

104 3065 158 3100 των
174 3055 199 3113 8,
217 3054 240 3103 7.
275 3053 357 3102 .796.
384 3045 434 3100 ἐὰν
455 3048 486 3101 τὸ
508 3045 560 3116 ἔαρ
580 3045 626 3099 καὶ
646 3045 679 3099 τὸ
695 3046 783 3116 θέρος
797 3043 891 3115 ψυχρὰ
906 3044 1028 3115 γίνηται,
1049 3044 1068 3113 ἦ
1084 3062 1115 3098 τε
1131 3044 1228 3113 ὀπώρα

104 3114 208 3183 γίνεται
220 3061 274 3167 aad
280 3114 337 3182 [rb]
346 3113 507 3184 μετόπωρον
519 3115 625 3184 ψυχρὸν
638 3111 683 3165 καὶ
696 3113 745 3165 abr
757 3113 905 3177 ἀνεμῶὃες.
925 3114 1092 3180 corruptelae
1104 3117 1227 3181 suspicio·

104 3200 162 3236 nem
179 3194 257 3250 anget
270 3187 335 3236 mire
350 3187 450 3236 dicendi
465 3187 531 3236 ratio
547 3185 616 3250 ripae
627 3183 723 3247 aliqum
740 3185 864 3247 scripture
875 3189 963 3233 tamen
978 3181 1103 3248 refriperie
1113 3185 1158 3234 vix
1168 3198 1227 3248 pro·

104 3253 197 3313 bande,
215 3268 273 3304 rum
284 3255 349 3304 haec
359 3268 411 3304 vox
423 3256 491 3317 epud
502 3253 571 3304 solos
582 3253 717 3316 scriptores
728 3260 815 3301 seems
825 3265 901 3302 sensa
912 3251 1012 3316 tropice
1024 3252 1174 3302 invenietur.
1192 3288 1225 3303 ..

105 3320 335 3381 nonnemsss'at
354 3359 387 3370 ...
404 3319 608 3381 ω’ἅοηειιηι,αᾶ.
627 3313 825 3383 sedescafir·
950 3324 952 3328 ’
978 3344 981 3350 ·

138 3390 224 3452 §852
242 3394 269 3437 ot
278 3386 312 3449 id,
324 3390 370 3438 ad.
387 3386 476 3452 unone,
488 3389 521 3438 K.
544 3385 622 3450 nilque
634 3387 707 3436 codd.
720 3385 776 3438 (iel
799 3393 823 3434 et
833 3382 861 3434 id
877 3381 929 3450 βγ.
947 3424 980 3436 ...
998 3401 1040 3435 nee
1050 3384 1160 3451 calipius,
1171 3387 1225 3437 De.

103 3470 177 3517 nequae
189 3453 298 3519 ωῑίρῖηε,
311 3451 381 3520 ᾱβγ.
401 3496 432 3504 -
451 3455 511 3517 fiet,
528 3454 787 3519 itenosscripsimus.
805 3421 928 3523 fsfflltent,
944 3455 978 3505 D.
996 3452 1113 3517 flentem,
1130 3455 1154 3503 d.
1172 3453 1226 3517 flu-

103 3522 182 3583 vians,
194 3538 218 3573 e.
237 3521 323 3586 plavia
334 3530 384 3585 aest,
395 3517 447 3586 βγ.
465 3562 496 3571 ..
515 3519 628 3584 vobswre,
639 3522 673 3573 D.
693 3556 725 3572 ..-
734 3521 854 3585 fermtnr,
865 3524 911 3572 ad.
924 3522 1048 3585 seruntur,
1059 3516 1110 3586 βγ.
1118 3537 1122 3542 ·
1130 3557 1162 3570 .,
1180 3519 1225 3581 bre,

104 3605 128 3638 a,
151 3628 184 3639 ..
212 3589 360 3651 nandulum,
377 3593 422 3640 ed.
448 3589 566 3650 anathot,
582 3584 631 3640 Tr.
654 3629 686 3639 ..
714 3596 741 3638 at
755 3584 790 3650 si,
807 3589 844 3639 ita
859 3604 908 3638 nos
924 3589 1070 3653 scripsimus
1086 3589 1227 3639 necessaria

104 3657 288 3708 emendatione.
313 3657 390 3708 Nove
407 3657 474 3706 enim
491 3656 552 3706 hine
568 3658 693 3708 sententis
708 3655 818 3720 incipere
834 3656 920 3718 debet,
937 3671 996 3707 cnm
1011 3671 1065 3706 non
1082 3653 1143 3704 certi
1157 3655 1226 3707 venti

103 3725 202 3801 opponi
222 3724 322 3788 possint
341 3721 428 3786 emto,
450 3725 494 3775 sed
510 3723 569 3773 certi
587 3725 656 3774 venti
675 3732 837 3789 opponantur
857 3715 1041 3772 inconstantibus
1062 3725 1151 3774 ventis.
1182 3731 1227 3772 aut

102 3807 133 3851 ss,
147 3780 241 3855 adssr.
264 3807 295 3840 uc
304 3791 336 3852 si,
346 3793 397 3842 Kr.
415 3832 447 3840 -
471 3792 701 3854 westchester.
727 3789 792 3840 eirca
802 3791 905 3851 stabunt,
917 3807 937 3840 r.
960 3788 1026 3840 eirca
1033 3806 1112 3854 purae
1122 3791 1225 3851 stabunt,

103 3859 136 3909 Κ.
160 3857 186 3907 in
198 3866 286 3907 certem
298 3856 451 3920 cursitabant,
464 3860 531 3910 Pint.
550 3900 582 3908 -
598 3856 659 3920 fiet,
671 3859 725 3909 Td.
744 3899 775 3908 ..
799 3852 910 3922 effundit,
921 3873 944 3907 a.
967 3857 1061 3974 effundi
1069 3857 1158 3922 sipnut,
1170 3858 1224 3909 Τὰ.

103 3922 219 3989 etundiq„
234 3928 268 3978 D.
296 3925 424 3992 effundent,
439 3922 492 3992 βγ.
510 3967 541 3976 -
567 3925 669 3988 uellam,
684 3942 708 3976 e.
726 3967 757 3976 ..
784 3924 936 3989 aliquamd.
962 3924 1084 3988 aiones.
1102 3966 1134 3974 -
1162 3922 1225 3974 orbis

103 3990 233 4056 incluserit,
244 3992 297 4045 Τὰ.
316 4034 347 4044 ..
366 3992 470 4057 imbrem,
482 3995 506 4045 d.

137 4062 223 4125 5853.
250 4060 318 4125 sipno
334 4060 423 4122 canem,
439 4077 463 4111 s.
489 4076 584 4124 cancro,
599 4058 652 4112 Td.
675 4058 790 4124 sumpsit
805 4058 870 4111 hsce
884 4052 951 4112 Plin.
969 4074 1002 4111 ex
1013 4056 1144 4124 Theophr.
1161 4053 1224 4126 περὶ

102 4125 224 4195 σημείων
238 4125 344 4178 ὑδάτων
358 4135 380 4190 1,
394 4134 472 4192 23.p.
486 4131 542 4180 tas.
561 4169 593 4177 -
617 4124 731 4190 destitui,
750 4168 781 4177 -
805 4126 854 4188 sin,
871 4123 1129 4191 itunosscripsimus.
1155 4126 1179 4175 st'
1192 4126 1225 4186 in,

102 4195 183 4326 ιιὶᾳενίέ
194 4191 267 4315 (³497.
287 4237 318 4246 -
336 4192 475 4258 circulus.
501 4193 676 4258 ebwbusld
695 4233 725 4245 ..
749 4193 889 4274 nebis,'l'd.
915 4194 1024 4255 nevae.
1049 4190 1172 4257 neustr.
1193 4229 1223 4240 ..

102 4277 119 4312 e
181 4300 188 4325 ,
227 4299 233 4313 .

1004 4326 1022 4358 d*
