2754 4726
410 312 480 359 nra.
496 312 570 360 xv1.
600 312 678 359 oar.
693 312 797 360 1-rv.
821 312 918 362 seor.
936 315 990 358 1..s.
1238 299 1258 362 3

142 464 225 528 inter
247 484 282 528 se
304 462 439 527 rixantis
461 463 587 528 curvari
609 473 773 549 portarum
794 463 970 547 patentium
991 462 1097 541 modo,
1124 473 1160 526 ut
1189 473 1257 529 tur·

141 585 210 628 mas
239 562 381 646 equitum
407 564 639 642 transmittant,
667 562 732 627 111.
761 562 929 648 glandiferi
956 585 1105 629 maxume
1131 565 1258 651 generis

142 685 252 728 omnes
273 662 390 748 quibus
411 663 512 729 honos
533 664 619 750 apud
641 663 803 729 Romanos
825 675 1010 749 perpetuus.

182 764 242 830 IV.
265 763 296 828 3.
322 764 410 830 Hinc
432 764 552 831 civicae
574 786 718 842 coronae,
739 764 875 828 militum
897 763 1023 830 virtutis
1044 765 1169 852 insigne
1191 765 1284 834 cla-t

141 865 313 942 tissimum,
335 864 545 950 iampridem
567 886 643 930 vero
665 875 698 928 et
717 863 905 935 clementiae
919 863 1147 949 inperatorum,
1169 876 1258 951 post·

143 986 238 1048 quam
260 964 400 1029 civilium
421 962 577 1030 bellorum
597 965 731 1050 profano
752 965 902 1029 meritum
920 965 1026 1049 coepit
1040 964 1141 1029 videri
1156 966 1258 1031 civem

142 1088 205 1130 non
237 1065 394 1130 occidere.
445 1063 575 1130 Cedunt
603 1064 654 1130 his
686 1065 825 1130 murales
856 1065 1055 1150 vallaresque
1084 1076 1115 1130 et
1141 1087 1257 1132 aureae

16 1201 20 1210 .
52 1172 55 1174 ’
143 1158 335 1250 quamquam
355 1164 457 1250 pretio
478 1165 714 1243 antecedentes,
742 1165 861 1230 cedunt
882 1175 915 1230 et
934 1176 1089 1231 rostratae
1110 1165 1257 1251 quamvis

141 1267 174 1331 in
196 1265 322 1331 duobus
343 1287 492 1328 maxume
506 1264 547 1327 ad
561 1263 621 1329 hoo
635 1265 707 1330 aevi
722 1265 876 1343 celebres,
897 1264 944 1329 M.
961 1265 1108 1333 Varrone
1129 1289 1147 1331 e
1168 1267 1256 1352 pira·

144 1366 214 1432 tiois
240 1365 348 1442 bellis,
382 1363 478 1428 dante
503 1361 626 1450 Magno
652 1362 823 1449 Pompeio,
853 1363 992 1449 itemque
1018 1365 1066 1430 M.
1094 1367 1255 1453 Agrippa,

143 1467 302 1532 tribuente
317 1463 454 1530 ansare
475 1487 493 1531 e
510 1462 628 1530 Siculis
649 1486 731 1547 quae
747 1475 779 1528 et
792 1465 865 1548 ipsa
879 1465 1014 1548 piratica
1027 1467 1127 1531 fuere.
1149 1467 1284 1532 Anteae

142 1578 246 1632 rostra
265 1565 397 1630 navium
418 1564 567 1629 tribunali
587 1565 731 1650 praelixa
751 1564 814 1630 fori
836 1564 935 1630 decus
956 1575 1055 1644 erant,
1078 1565 1176 1631 veluti
1195 1589 1255 1653 po·

143 1670 216 1755 pulo
230 1667 375 1732 Romano
388 1664 452 1750 ipsi
474 1680 591 1730 corona
610 1664 766 1749 inposita3
788 1674 957 1751 postquam
978 1688 1055 1732 vero
1077 1666 1256 1733 tribuniciis

143 1764 350 1834 seditionibus
372 1764 489 1831 calcari
509 1787 548 1830 ac
568 1765 668 1850 pollui
690 1786 832 1852 coepere,
854 1776 1022 1852 postquam
1037 1766 1122 1832 vires
1138 1790 1178 1832 ex
1193 1789 1255 1851 pu·

142 1867 226 1932 blico
250 1865 285 1928 in
310 1864 472 1950 privatum
497 1865 551 1950 agi
581 1865 778 1952 singulisque
805 1866 923 1931 civium
949 1866 1060 1950 quaeri
1088 1878 1120 1931 et
1146 1888 1254 1934 sacro·

143 1966 248 2032 sancti
273 1966 379 2031 omnia
404 1965 539 2050 profana
559 1965 676 2042 facere,
704 1976 772 2028 tum
793 1988 813 2029 a
833 1965 970 2051 pedibus
997 1987 1106 2030 eorum
1127 1968 1255 2033 subiere

141 2069 174 2132 in
188 2066 294 2152 capita
308 2065 426 2143 civium
440 2075 552 2130 rostra.
574 2065 675 2130 Dedit
688 2065 771 2129 hanc
784 2064 957 2153 Augustus
971 2087 1118 2131 coronam
1131 2068 1254 2156 Agrip-

142 2189 210 2254 pae,
234 2165 291 2232 sed
313 2165 448 2230 civicam
469 2187 488 2230 a
508 2187 626 2251 genere
647 2165 786 2231 humano
807 2165 932 2250 accepit
950 2167 1031 2252 ipse.

181 2270 213 2332 4.
242 2265 433 2351 Antiquitus
453 2265 584 2351 quidem
605 2266 693 2330 nulla
713 2265 775 2330 nisi
796 2265 856 2330 deo
879 2265 1029 2344 dabatur3
1056 2268 1098 2333 ob
1126 2268 1160 2333 id
1181 2269 1282 2334 Ho·e

143 2389 249 2434 merus
271 2368 359 2433 caelo
381 2376 503 2430 tantum
525 2389 594 2431 eam
616 2377 648 2430 et
668 2365 790 2451 proelio
813 2366 964 2433 universo
990 2367 1109 2447 tribuit,
1135 2368 1253 2434 viritim

143 2490 216 2534 vero
237 2488 280 2532 ne
299 2467 334 2531 in
357 2467 528 2532 certamine
541 2467 671 2551 quidem
685 2465 753 2544 ulli,
775 2466 948 2552 feruntque
962 2468 1100 2552 primum
1112 2469 1254 2534 omnium

144 2567 298 2634 Liberum
324 2577 449 2652 patrem
478 2566 658 2652 inposuisse
686 2566 868 2652 capitisue
896 2589 936 2632 ex
962 2567 1090 2634 hedera.
1133 2567 1255 2632 Postea

144 2669 275 2734 deorum
299 2666 412 2732 honori
439 2667 655 2732 sacrificantes
681 2688 855 2753 sumpsere,
884 2667 1021 2733 victimis
1049 2667 1142 2733 simul
1164 2690 1254 2731 coro-

143 2769 238 2833 natis.
259 2766 441 2833 Novissime
463 2778 495 2832 et
515 2765 549 2830 in
572 2765 670 2832 sacris
690 2766 917 2831 certaminibus
931 2779 1113 2852 usurpatae,
1135 2769 1167 2830 in
1183 2770 1253 2852 qui·
1269 2783 1300 2828 lo

144 2867 203 2932 bus
224 2867 383 2951 hodieque
404 2889 469 2932 non
489 2867 602 2933 victori
624 2868 718 2931 datur
741 2867 797 2932 sed
823 2866 958 2951 patriam
985 2866 1025 2931 ab
1054 2889 1092 2930 eo
1114 2871 1256 2936 coronari

144 2968 377 3052 pronuntiatur.
409 2966 489 3032 Inde
514 2978 626 3032 natum
650 2977 687 3031 ut
715 2977 747 3031 et
775 2965 1017 3051 triumphaturis
1039 2968 1257 3036 conferrentur

145 3067 176 3132 in
198 3067 327 3152 templis
349 3067 514 3146 dicandae,
537 3089 611 3132 mox
632 3077 669 3130 ut
690 3077 723 3130 et
742 3065 827 3130 ludis
848 3065 1007 3131 darentur.
1036 3067 1185 3157 Longum
1208 3083 1256 3137 est

146 3238 249 3300 erigunt,
262 3239 379 3289 altiorem
387 3241 503 3300 reddunt,
515 3241 552 3289 uti
561 3240 628 3302 apud
636 3238 768 3288 Lucanum
780 3244 804 3296 3,
817 3241 874 3288 397.
886 3237 981 3287 collibus
992 3237 1147 3303 Appenninus
1157 3239 1255 3289 Italiam
1341 3262 1343 3267 >

146 3304 220 3368 eupit.
239 3345 271 3354 ..
294 3304 449 3368 ultriciaque.
469 3347 500 3355 ..
527 3303 667 3366 Clamas.
691 3345 722 3353 ..
746 3303 912 3365 maximaad.
936 3305 1044 3367 mamma,
1060 3299 1116 3356 θΤ.
1140 3348 1170 3356 ..
1194 3324 1255 3357 com-

145 3368 256 3486 plespila
276 3371 410 3500 ..llaqdqu
421 3390 444 3423 a
466 3371 564 3432 insulas,
577 3367 647 3436 ἀβγ.
666 3412 697 3421 ..
720 3370 816 3434 librata,
829 3389 852 3422 a.
875 3413 906 3422 ..
927 3389 1009 3436 prora,
1022 3377 1046 3423 d.
1065 3390 1190 3437 prospera,
1205 3367 1255 3425 Oa.

148 3476 172 3485 ..
225 3436 236 3498 ⁴,
248 3455 272 3488 a.
290 3437 301 3486 ι’
348 3441 383 3498 ,d
431 3476 438 3490 .
483 3437 492 3451 ‘

176 3506 191 3566 §
204 3511 228 3554 6.
244 3503 388 3567 fflreant‘ne,
400 3454 431 3556 al
444 3547 476 3555 ..
494 3504 566 3568 aevia
578 3522 602 3555 a.
620 3505 645 3554 in
656 3506 729 3566 aevu,
740 3501 793 3556 Ta
812 3506 900 3557 Omitt.
912 3507 960 3556 Kr.

177 3573 196 3648 5·
206 3575 228 3622 7.
251 3573 399 3688 ,ἔφηῆι
422 3570 731 3638 pifanum'l'dmmbr.
743 3571 792 3634 11.)
814 3571 1147 3637 prrffancts'o,r(Ambr.I.)
1171 3575 1268 3638 prosm'

148 3644 244 3699 mame,

178 3706 228 3767 §⁸-
246 3703 318 3766 Δηὼ,
330 3709 354 3756 d.
369 3747 399 3755 ..
410 3707 478 3770 foro,
490 3707 579 3758 Ambr.
592 3707 612 3757 L
626 3746 657 3756 ..
672 3723 699 3770 p.
712 3703 754 3767 R,
766 3723 789 3756 a.
804 3705 897 3770 publice
907 3706 1013 3769 R.,Td.
1032 3707 1068 3756 rei
1074 3724 1109 3771 p,
1122 3709 1210 3758 Ambr.
1221 3709 1256 3758 11.

149 3807 176 3818 -
194 3769 255 3834 ipsc,
267 3772 357 3822 Ambr.
370 3773 405 3824 IL
423 3814 454 3823 ..
473 3776 636 3838 coeperaatd
657 3813 683 3822 ..
702 3772 822 3836 privatam
835 3774 884 3838 opi,
896 3768 925 3822 θ.
940 3774 1037 3838 privata
1048 3773 1133 3839 magis,
1145 3778 1189 3825 ad.
1205 3776 1257 3839 pri-

149 3844 224 3886 taam
240 3835 367 3904 mayfoss·
385 3881 416 3890 .-
439 3847 469 3901 et,
484 3834 561 3891 &Ta
578 3841 667 3892 Omitt.
685 3834 755 3903 ᾱβγ.
774 3881 804 3890 ..
827 3840 981 3899 sacrosancti,
997 3835 1059 3892 Oad
1075 3839 1160 3903 (codd.
1177 3845 1257 3894 Turn.

149 3906 199 3954 πᾶν.
212 3912 236 3968 4,
251 3905 305 3969 lt.)
326 3915 486 3969 commonete,
498 3910 522 3958 T
527 3903 577 3973 βγ.
596 3947 627 3957 ..
641 3908 738 3971 faeere,
750 3908 838 3957 Tadn
852 3907 943 3970 secere,
953 3904 983 3969 β.
1003 3950 1033 3958 -
1056 3907 1157 3969 deorum,
1169 3911 1257 3962 Heius.

150 3972 201 4020 sev.
212 3986 237 4036 p.
253 3978 309 4024 124.
328 3971 463 4037 „Capitolio
474 3975 535 4024 enim
546 3974 758 4036 eabioetumsomm
770 3982 793 4022 et
803 3975 827 4022 in
839 3990 865 4022 eo
876 3974 982 4024 rostra.”
998 4018 1028 4025 -
1047 3976 1133 4037 entire,
1145 3993 1167 4026 a.

179 4040 229 4102 §a
247 4039 321 4102 eceb,
332 4041 436 4090 Homer.
447 4042 480 4092 Il.
491 4056 516 4104 σ,
528 4048 585 4093 485.
604 4081 635 4092 ..
663 4043 744 4102 Μ).
770 4057 807 4103 ec,
823 4044 867 4093 ed.
893 4037 1004 4107 osefis.
1027 4082 1057 4094 ..
1077 4043 1176 4107 proelio,
1191 4047 1258 4096 idem

151 4101 192 4153 ll.
203 4122 227 4156 v.
240 4111 299 4158 786.
317 4148 348 4157 -
366 4123 452 4170 eoram,
464 4125 486 4159 a
1210 4112 1212 4116 '

179 4174 194 4235 ς
207 4179 246 4225 10.
263 4173 331 4237 duat,
342 4191 362 4225 r.
382 4214 413 4224 ..
431 4182 454 4224 a
465 4175 649 4240 triunphoturt‘a
660 4176 705 4225 ad.
722 4175 791 4224 etaiam
805 4175 921 4240 triumph,
933 4172 962 4238 β.
