<?xml version="1.0" encoding="UTF-8"?>
<!DOCTYPE html PUBLIC "-//W3C//DTD XHTML 1.0 Transitional//EN"
    "http://www.w3.org/TR/xhtml1/DTD/xhtml1-transitional.dtd">
<html xmlns="http://www.w3.org/1999/xhtml" xml:lang="en" lang="en">
 <head>
  <title>
</title>
<meta http-equiv="Content-Type" content="text/html;charset=utf-8" />
  <meta name='ocr-system' content='tesseract 3.04.00' />
  <meta name='ocr-capabilities' content='ocr_page ocr_carea ocr_par ocr_line ocrx_word'/>
</head>
<body>
  <div class='ocr_page' id='page_1' title='image "./cplinisecundina02grongoog_0318.png"; bbox 0 0 2754 4726; ppageno 0'>
   <div class='ocr_carea' id='block_1_1' title="bbox 413 276 1227 358">
    <p class='ocr_par' dir='ltr' id='par_1_1' title="bbox 413 276 1227 358">
     <span class='ocr_line' id='line_1_1' title="bbox 413 276 1227 358; baseline 0.005 -4"><span class='ocrx_word' id='word_1_1' title='bbox 413 308 484 356; x_wconf 79' lang='lat' dir='ltr'>ars.</span> <span class='ocrx_word' id='word_1_2' title='bbox 501 308 561 356; x_wconf 84' lang='lat' dir='ltr'>xx.</span> <span class='ocrx_word' id='word_1_3' title='bbox 592 306 670 355; x_wconf 75' lang='lat' dir='ltr'>aar.</span> <span class='ocrx_word' id='word_1_4' title='bbox 688 306 748 354; x_wconf 87' lang='lat' dir='ltr'>vn.</span> <span class='ocrx_word' id='word_1_5' title='bbox 780 306 878 356; x_wconf 82' lang='lat' dir='ltr'>sacr.</span> <span class='ocrx_word' id='word_1_6' title='bbox 893 308 925 354; x_wconf 82' lang='lat' dir='ltr'>aa</span> <span class='ocrx_word' id='word_1_7' title='bbox 1166 276 1227 358; x_wconf 60' lang='lat'>30?</span> 
     </span>
    </p>
   </div>
   <div class='ocr_carea' id='block_1_2' title="bbox 105 456 1274 1054">
    <p class='ocr_par' dir='ltr' id='par_1_2' title="bbox 105 456 1274 1054">
     <span class='ocr_line' id='line_1_2' title="bbox 107 456 1231 547; baseline 0 -21"><span class='ocrx_word' id='word_1_8' title='bbox 107 458 289 527; x_wconf 87' lang='lat' dir='ltr'>cordiorum</span> <span class='ocrx_word' id='word_1_9' title='bbox 296 481 304 534; x_wconf 83' lang='lat'>3</span> <span class='ocrx_word' id='word_1_10' title='bbox 336 457 453 524; x_wconf 83' lang='lat' dir='ltr'>dautur</span> <span class='ocrx_word' id='word_1_11' title='bbox 479 468 512 524; x_wconf 88' lang='lat' dir='ltr'>et</span> <span class='ocrx_word' id='word_1_12' title='bbox 538 456 775 525; x_wconf 77' lang='lat' dir='ltr'><strong>melancholicis</strong></span> <span class='ocrx_word' id='word_1_13' title='bbox 800 458 955 525; x_wconf 88' lang='lat' dir='ltr'>candidae</span> <span class='ocrx_word' id='word_1_14' title='bbox 982 456 1175 547; x_wconf 76' lang='lat' dir='ltr'>copiosiores</span> <span class='ocrx_word' id='word_1_15' title='bbox 1197 470 1231 527; x_wconf 89' lang='lat' dir='ltr'>et</span> 
     </span>
     <span class='ocr_line' id='line_1_3' title="bbox 106 557 1274 648; baseline -0.004 -20"><span class='ocrx_word' id='word_1_16' title='bbox 106 562 150 628; x_wconf 90' lang='lat' dir='ltr'>ad</span> <span class='ocrx_word' id='word_1_17' title='bbox 171 560 297 628; x_wconf 86' lang='lat' dir='ltr'>vesicae</span> <span class='ocrx_word' id='word_1_18' title='bbox 312 559 409 640; x_wconf 83' lang='lat' dir='ltr'>vitia3</span> <span class='ocrx_word' id='word_1_19' title='bbox 432 559 636 648; x_wconf 71' lang='lat' dir='ltr'>Praxagoras</span> <span class='ocrx_word' id='word_1_20' title='bbox 658 571 691 626; x_wconf 90' lang='lat' dir='ltr'>et</span> <span class='ocrx_word' id='word_1_21' title='bbox 709 560 917 646; x_wconf 79' lang='lat' dir='ltr'>dysintericis</span> <span class='ocrx_word' id='word_1_22' title='bbox 937 557 1037 626; x_wconf 81' lang='lat' dir='ltr'>dedit.</span> <span class='ocrx_word' id='word_1_23' title='bbox 1059 561 1230 628; x_wconf 79' lang='lat' dir='ltr'>Ambustis</span> <span class='ocrx_word' id='word_1_24' title='bbox 1242 579 1274 624; x_wconf 86' lang='lat' dir='ltr'>os</span> 
     </span>
     <span class='ocr_line' id='line_1_4' title="bbox 105 661 1229 749; baseline 0.004 -21"><span class='ocrx_word' id='word_1_25' title='bbox 105 683 235 749; x_wconf 87' lang='lat' dir='ltr'>quoquo</span> <span class='ocrx_word' id='word_1_26' title='bbox 256 672 391 748; x_wconf 86' lang='lat' dir='ltr'>prosunt</span> <span class='ocrx_word' id='word_1_27' title='bbox 404 662 604 743; x_wconf 83' lang='lat' dir='ltr'>recentibus,</span> <span class='ocrx_word' id='word_1_28' title='bbox 620 663 809 749; x_wconf 80' lang='lat' dir='ltr'>priusquam</span> <span class='ocrx_word' id='word_1_29' title='bbox 830 661 965 747; x_wconf 88' lang='lat' dir='ltr'>pusulae</span> <span class='ocrx_word' id='word_1_30' title='bbox 977 661 1057 727; x_wconf 86' lang='lat' dir='ltr'>fiant</span> <span class='ocrx_word' id='word_1_31' title='bbox 1077 683 1151 730; x_wconf 91' lang='lat' dir='ltr'>cum</span> <span class='ocrx_word' id='word_1_32' title='bbox 1163 663 1229 732; x_wconf 78' lang='lat' dir='ltr'>sale</span> 
     </span>
     <span class='ocr_line' id='line_1_5' title="bbox 106 761 1228 851; baseline 0.003 -23"><span class='ocrx_word' id='word_1_33' title='bbox 106 764 235 839; x_wconf 89' lang='lat' dir='ltr'>inlitae;</span> <span class='ocrx_word' id='word_1_34' title='bbox 257 762 365 828; x_wconf 90' lang='lat' dir='ltr'>ulcera</span> <span class='ocrx_word' id='word_1_35' title='bbox 387 763 483 828; x_wconf 91' lang='lat' dir='ltr'>etiam</span> <span class='ocrx_word' id='word_1_36' title='bbox 498 783 581 846; x_wconf 90' lang='lat' dir='ltr'>quae</span> <span class='ocrx_word' id='word_1_37' title='bbox 596 773 731 849; x_wconf 89' lang='lat' dir='ltr'>serpunt</span> <span class='ocrx_word' id='word_1_38' title='bbox 744 774 893 829; x_wconf 90' lang='lat' dir='ltr'>coercent</span> <span class='ocrx_word' id='word_1_39' title='bbox 912 761 1004 828; x_wconf 90' lang='lat' dir='ltr'>initio</span> <span class='ocrx_word' id='word_1_40' title='bbox 1020 770 1100 829; x_wconf 83' lang='lat' dir='ltr'>&#39;oum</span> <span class='ocrx_word' id='word_1_41' title='bbox 1114 764 1228 851; x_wconf 84' lang='lat' dir='ltr'>aphro·</span> 
     </span>
     <span class='ocr_line' id='line_1_6' title="bbox 105 862 1231 952; baseline 0.002 -23"><span class='ocrx_word' id='word_1_42' title='bbox 105 865 209 944; x_wconf 88' lang='lat' dir='ltr'>nitro,</span> <span class='ocrx_word' id='word_1_43' title='bbox 239 886 315 929; x_wconf 91' lang='lat' dir='ltr'>mox</span> <span class='ocrx_word' id='word_1_44' title='bbox 336 863 371 928; x_wconf 92' lang='lat' dir='ltr'>in</span> <span class='ocrx_word' id='word_1_45' title='bbox 391 864 476 932; x_wconf 87' lang='lat' dir='ltr'>vino.</span> <span class='ocrx_word' id='word_1_46' title='bbox 515 864 626 930; x_wconf 88' lang='lat' dir='ltr'>Tritae</span> <span class='ocrx_word' id='word_1_47' title='bbox 647 864 717 952; x_wconf 85' lang='lat' dir='ltr'>igni</span> <span class='ocrx_word' id='word_1_48' title='bbox 747 885 838 930; x_wconf 88' lang='lat' dir='ltr'>sacro</span> <span class='ocrx_word' id='word_1_49' title='bbox 866 862 1055 942; x_wconf 90' lang='lat' dir='ltr'>inlinuntur,</span> <span class='ocrx_word' id='word_1_50' title='bbox 1081 865 1231 931; x_wconf 87' lang='lat' dir='ltr'>convolsa</span> 
     </span>
     <span class='ocr_line' id='line_1_7' title="bbox 106 963 1230 1054; baseline 0.001 -23"><span class='ocrx_word' id='word_1_51' title='bbox 106 975 140 1031; x_wconf 90' lang='lat' dir='ltr'>et</span> <span class='ocrx_word' id='word_1_52' title='bbox 160 967 272 1032; x_wconf 88' lang='lat' dir='ltr'>luxata</span> <span class='ocrx_word' id='word_1_53' title='bbox 292 963 438 1030; x_wconf 90' lang='lat' dir='ltr'>caulibus</span> <span class='ocrx_word' id='word_1_54' title='bbox 460 965 632 1033; x_wconf 81' lang='lat' dir='ltr'>triticeum</span> <span class='ocrx_word' id='word_1_55' title='bbox 652 965 781 1054; x_wconf 89' lang='lat' dir='ltr'>polenta</span> <span class='ocrx_word' id='word_1_56' title='bbox 802 985 844 1032; x_wconf 86' lang='lat' dir='ltr'>ex</span> <span class='ocrx_word' id='word_1_57' title='bbox 858 986 944 1049; x_wconf 90' lang='lat' dir='ltr'>aqua</span> <span class='ocrx_word' id='word_1_58' title='bbox 962 963 1082 1052; x_wconf 83' lang='lat' dir='ltr'>frigida</span> <span class='ocrx_word' id='word_1_59' title='bbox 1093 966 1230 1047; x_wconf 90' lang='lat' dir='ltr'>leniunt,</span> 
     </span>
    </p>
   </div>
   <div class='ocr_carea' id='block_1_3' title="bbox 103 1065 1291 2590">
    <p class='ocr_par' dir='ltr' id='par_1_3' title="bbox 103 1065 1291 2590">
     <span class='ocr_line' id='line_1_8' title="bbox 107 1065 1275 1153; baseline -0.003 -19"><span class='ocrx_word' id='word_1_60' title='bbox 107 1067 291 1151; x_wconf 84' lang='lat' dir='ltr'>eruptiones</span> <span class='ocrx_word' id='word_1_61' title='bbox 315 1066 506 1152; x_wconf 88' lang='lat' dir='ltr'>papularum</span> <span class='ocrx_word' id='word_1_62' title='bbox 528 1090 569 1134; x_wconf 87' lang='lat' dir='ltr'>ex</span> <span class='ocrx_word' id='word_1_63' title='bbox 590 1068 667 1134; x_wconf 87' lang='lat' dir='ltr'>vino</span> <span class='ocrx_word' id='word_1_64' title='bbox 688 1077 721 1134; x_wconf 88' lang='lat' dir='ltr'>et</span> <span class='ocrx_word' id='word_1_65' title='bbox 741 1067 882 1152; x_wconf 89' lang='lat' dir='ltr'>polenta.</span> <span class='ocrx_word' id='word_1_66' title='bbox 903 1065 945 1131; x_wconf 92' lang='lat' dir='ltr'>In</span> <span class='ocrx_word' id='word_1_67' title='bbox 960 1065 1089 1133; x_wconf 90' lang='lat' dir='ltr'>cholera</span> <span class='ocrx_word' id='word_1_68' title='bbox 1102 1088 1231 1153; x_wconf 88' lang='lat' dir='ltr'>quoqne</span> <span class='ocrx_word' id='word_1_69' title='bbox 1244 1085 1275 1131; x_wconf 84' lang='lat' dir='ltr'>or</span> 
     </span>
     <span class='ocr_line' id='line_1_9' title="bbox 107 1166 1231 1254; baseline 0.004 -21"><span class='ocrx_word' id='word_1_70' title='bbox 107 1178 216 1233; x_wconf 89' lang='lat' dir='ltr'>coctas</span> <span class='ocrx_word' id='word_1_71' title='bbox 238 1169 355 1254; x_wconf 89' lang='lat' dir='ltr'>patinis</span> <span class='ocrx_word' id='word_1_72' title='bbox 378 1169 552 1248; x_wconf 82' lang='lat' dir='ltr'>dederunt,</span> <span class='ocrx_word' id='word_1_73' title='bbox 575 1169 616 1234; x_wconf 88' lang='lat' dir='ltr'>ad</span> <span class='ocrx_word' id='word_1_74' title='bbox 638 1166 725 1254; x_wconf 90' lang='lat' dir='ltr'>quod</span> <span class='ocrx_word' id='word_1_75' title='bbox 752 1167 939 1234; x_wconf 85' lang='lat' dir='ltr'>utilissimae</span> <span class='ocrx_word' id='word_1_76' title='bbox 965 1189 1063 1253; x_wconf 89' lang='lat' dir='ltr'>quam</span> <span class='ocrx_word' id='word_1_77' title='bbox 1088 1172 1231 1237; x_wconf 88' lang='lat' dir='ltr'>maxumi</span> 
     </span>
     <span class='ocr_line' id='line_1_10' title="bbox 106 1267 1230 1354; baseline 0.003 -20"><span class='ocrx_word' id='word_1_78' title='bbox 106 1269 208 1334; x_wconf 89' lang='lat' dir='ltr'>caulis</span> <span class='ocrx_word' id='word_1_79' title='bbox 236 1279 268 1334; x_wconf 92' lang='lat' dir='ltr'>et</span> <span class='ocrx_word' id='word_1_80' title='bbox 289 1290 433 1349; x_wconf 89' lang='lat' dir='ltr'>amarae;</span> <span class='ocrx_word' id='word_1_81' title='bbox 466 1269 599 1354; x_wconf 88' lang='lat' dir='ltr'>quidam</span> <span class='ocrx_word' id='word_1_82' title='bbox 623 1271 706 1337; x_wconf 89' lang='lat' dir='ltr'>lacte</span> <span class='ocrx_word' id='word_1_83' title='bbox 726 1269 909 1335; x_wconf 83' lang='lat' dir='ltr'>infimdunt.</span> <span class='ocrx_word' id='word_1_84' title='bbox 950 1267 1171 1337; x_wconf 78' lang='lat' dir='ltr'>Deferveiacti</span> <span class='ocrx_word' id='word_1_85' title='bbox 1197 1273 1230 1338; x_wconf 92' lang='lat' dir='ltr'>hi</span> 
     </span>
     <span class='ocr_line' id='line_1_11' title="bbox 107 1369 1230 1450; baseline 0.002 -12"><span class='ocrx_word' id='word_1_86' title='bbox 107 1369 215 1438; x_wconf 88' lang='lat' dir='ltr'>caules</span> <span class='ocrx_word' id='word_1_87' title='bbox 237 1380 270 1435; x_wconf 90' lang='lat' dir='ltr'>et</span> <span class='ocrx_word' id='word_1_88' title='bbox 291 1371 455 1437; x_wconf 78' lang='lat' dir='ltr'>stomacho</span> <span class='ocrx_word' id='word_1_89' title='bbox 476 1371 639 1436; x_wconf 89' lang='lat' dir='ltr'>utilissimi</span> <span class='ocrx_word' id='word_1_90' title='bbox 662 1370 843 1450; x_wconf 87' lang='lat' dir='ltr'>traduntur,</span> <span class='ocrx_word' id='word_1_91' title='bbox 867 1372 951 1437; x_wconf 90' lang='lat' dir='ltr'>siout</span> <span class='ocrx_word' id='word_1_92' title='bbox 974 1392 1087 1438; x_wconf 86' lang='lat' dir='ltr'>somno</span> <span class='ocrx_word' id='word_1_93' title='bbox 1108 1375 1230 1441; x_wconf 87' lang='lat' dir='ltr'>aestiva</span> 
     </span>
     <span class='ocr_line' id='line_1_12' title="bbox 105 1470 1229 1556; baseline 0.006 -21"><span class='ocrx_word' id='word_1_94' title='bbox 105 1493 257 1537; x_wconf 86' lang='lat' dir='ltr'>maxume</span> <span class='ocrx_word' id='word_1_95' title='bbox 277 1470 404 1538; x_wconf 88' lang='lat' dir='ltr'>lactuca</span> <span class='ocrx_word' id='word_1_96' title='bbox 426 1483 457 1539; x_wconf 88' lang='lat' dir='ltr'>et</span> <span class='ocrx_word' id='word_1_97' title='bbox 478 1494 587 1537; x_wconf 89' lang='lat' dir='ltr'>amara</span> <span class='ocrx_word' id='word_1_98' title='bbox 602 1472 788 1556; x_wconf 84' lang='lat' dir='ltr'>lacteusque</span> <span class='ocrx_word' id='word_1_99' title='bbox 808 1492 906 1556; x_wconf 91' lang='lat' dir='ltr'>quam</span> <span class='ocrx_word' id='word_1_100' title='bbox 919 1473 1119 1540; x_wconf 91' lang='lat' dir='ltr'>meconidem</span> <span class='ocrx_word' id='word_1_101' title='bbox 1133 1497 1229 1542; x_wconf 88' lang='lat' dir='ltr'>voca·</span> 
     </span>
     <span class='ocr_line' id='line_1_13' title="bbox 105 1570 1230 1641; baseline 0.004 -5"><span class='ocrx_word' id='word_1_102' title='bbox 105 1572 221 1636; x_wconf 80' lang='lat' dir='ltr'>rimus.</span> <span class='ocrx_word' id='word_1_103' title='bbox 265 1570 341 1639; x_wconf 93' lang='lat' dir='ltr'>Hoc</span> <span class='ocrx_word' id='word_1_104' title='bbox 362 1575 444 1640; x_wconf 88' lang='lat' dir='ltr'>lacte</span> <span class='ocrx_word' id='word_1_105' title='bbox 467 1584 499 1639; x_wconf 90' lang='lat' dir='ltr'>et</span> <span class='ocrx_word' id='word_1_106' title='bbox 525 1573 691 1640; x_wconf 90' lang='lat' dir='ltr'>oculorum</span> <span class='ocrx_word' id='word_1_107' title='bbox 713 1571 850 1640; x_wconf 87' lang='lat' dir='ltr'>claritati</span> <span class='ocrx_word' id='word_1_108' title='bbox 872 1594 946 1638; x_wconf 92' lang='lat' dir='ltr'>cum</span> <span class='ocrx_word' id='word_1_109' title='bbox 970 1570 1120 1640; x_wconf 88' lang='lat' dir='ltr'>muliebri</span> <span class='ocrx_word' id='word_1_110' title='bbox 1147 1573 1230 1641; x_wconf 86' lang='lat' dir='ltr'>lacte</span> 
     </span>
     <span class='ocr_line' id='line_1_14' title="bbox 105 1673 1229 1761; baseline 0.003 -23"><span class='ocrx_word' id='word_1_111' title='bbox 105 1673 311 1739; x_wconf 88' lang='lat' dir='ltr'>utilissimum</span> <span class='ocrx_word' id='word_1_112' title='bbox 346 1696 418 1742; x_wconf 88' lang='lat' dir='ltr'>csse</span> <span class='ocrx_word' id='word_1_113' title='bbox 445 1675 656 1761; x_wconf 87' lang='lat' dir='ltr'>praecipitur,</span> <span class='ocrx_word' id='word_1_114' title='bbox 685 1674 763 1739; x_wconf 94' lang='lat' dir='ltr'>dum</span> <span class='ocrx_word' id='word_1_115' title='bbox 790 1673 982 1758; x_wconf 80' lang='lat' dir='ltr'>tempestive</span> <span class='ocrx_word' id='word_1_116' title='bbox 1011 1675 1108 1761; x_wconf 90' lang='lat' dir='ltr'>capiti</span> <span class='ocrx_word' id='word_1_117' title='bbox 1135 1677 1229 1741; x_wconf 90' lang='lat' dir='ltr'>inun-</span> 
     </span>
     <span class='ocr_line' id='line_1_15' title="bbox 104 1773 1275 1862; baseline 0.003 -24"><span class='ocrx_word' id='word_1_118' title='bbox 104 1784 235 1862; x_wconf 85' lang='lat' dir='ltr'>guntur,</span> <span class='ocrx_word' id='word_1_119' title='bbox 258 1776 342 1840; x_wconf 90' lang='lat' dir='ltr'>oculi</span> <span class='ocrx_word' id='word_1_120' title='bbox 365 1785 397 1841; x_wconf 92' lang='lat' dir='ltr'>et</span> <span class='ocrx_word' id='word_1_121' title='bbox 418 1776 460 1841; x_wconf 92' lang='lat' dir='ltr'>ad</span> <span class='ocrx_word' id='word_1_122' title='bbox 481 1776 560 1841; x_wconf 89' lang='lat' dir='ltr'>vitia</span> <span class='ocrx_word' id='word_1_123' title='bbox 573 1797 656 1860; x_wconf 90' lang='lat' dir='ltr'>quae</span> <span class='ocrx_word' id='word_1_124' title='bbox 671 1776 795 1862; x_wconf 82' lang='lat' dir='ltr'>frigore</span> <span class='ocrx_word' id='word_1_125' title='bbox 815 1775 849 1840; x_wconf 92' lang='lat' dir='ltr'>in</span> <span class='ocrx_word' id='word_1_126' title='bbox 863 1775 904 1840; x_wconf 90' lang='lat' dir='ltr'>iis</span> <span class='ocrx_word' id='word_1_127' title='bbox 918 1776 1003 1841; x_wconf 89' lang='lat' dir='ltr'>facta</span> <span class='ocrx_word' id='word_1_128' title='bbox 1024 1773 1097 1842; x_wconf 84' lang='lat' dir='ltr'>sint</span> <span class='ocrx_word' id='word_1_129' title='bbox 1124 1774 1229 1842; x_wconf 88' lang='lat' dir='ltr'>Miras</span> <span class='ocrx_word' id='word_1_130' title='bbox 1243 1791 1275 1835; x_wconf 79' lang='grc'>68</span> 
     </span>
     <span class='ocr_line' id='line_1_16' title="bbox 103 1875 1291 1963; baseline 0.003 -22"><span class='ocrx_word' id='word_1_131' title='bbox 103 1888 137 1941; x_wconf 89' lang='lat' dir='ltr'>et</span> <span class='ocrx_word' id='word_1_132' title='bbox 158 1877 238 1941; x_wconf 89' lang='lat' dir='ltr'>alias</span> <span class='ocrx_word' id='word_1_133' title='bbox 259 1877 388 1942; x_wconf 88' lang='lat' dir='ltr'>invenio</span> <span class='ocrx_word' id='word_1_134' title='bbox 417 1877 547 1955; x_wconf 91' lang='lat' dir='ltr'>laudes,</span> <span class='ocrx_word' id='word_1_135' title='bbox 577 1875 716 1942; x_wconf 84' lang='lat' dir='ltr'>thoracis</span> <span class='ocrx_word' id='word_1_136' title='bbox 737 1876 825 1943; x_wconf 85' lang='lat' dir='ltr'>vitiis</span> <span class='ocrx_word' id='word_1_137' title='bbox 845 1876 1016 1963; x_wconf 89' lang='lat' dir='ltr'>prodesse,</span> <span class='ocrx_word' id='word_1_138' title='bbox 1043 1900 1108 1943; x_wconf 94' lang='lat' dir='ltr'>non</span> <span class='ocrx_word' id='word_1_139' title='bbox 1135 1900 1232 1945; x_wconf 89' lang='lat' dir='ltr'>secus</span> <span class='ocrx_word' id='word_1_140' title='bbox 1286 1937 1291 1951; x_wconf 85' lang='lat'>.</span> 
     </span>
     <span class='ocr_line' id='line_1_17' title="bbox 103 1966 1229 2064; baseline 0.003 -23"><span class='ocrx_word' id='word_1_141' title='bbox 103 1996 202 2061; x_wconf 91' lang='lat' dir='ltr'>quam</span> <span class='ocrx_word' id='word_1_142' title='bbox 224 1975 448 2056; x_wconf 81' lang='lat' dir='ltr'>habrotonum,</span> <span class='ocrx_word' id='word_1_143' title='bbox 471 1999 546 2042; x_wconf 92' lang='lat' dir='ltr'>cum</span> <span class='ocrx_word' id='word_1_144' title='bbox 565 1976 659 2042; x_wconf 90' lang='lat' dir='ltr'>melle</span> <span class='ocrx_word' id='word_1_145' title='bbox 681 1977 803 2056; x_wconf 86' lang='lat' dir='ltr'>Attico,</span> <span class='ocrx_word' id='word_1_146' title='bbox 827 1966 1019 2064; x_wconf 77' lang='lat' dir='ltr'>conpungari</span> <span class='ocrx_word' id='word_1_147' title='bbox 1040 1989 1072 2044; x_wconf 91' lang='lat' dir='ltr'>et</span> <span class='ocrx_word' id='word_1_148' title='bbox 1092 1978 1229 2044; x_wconf 84' lang='lat' dir='ltr'>feminas</span> 
     </span>
     <span class='ocr_line' id='line_1_18' title="bbox 104 2075 1229 2163; baseline 0.003 -20"><span class='ocrx_word' id='word_1_149' title='bbox 104 2075 166 2144; x_wconf 89' lang='lat' dir='ltr'>hoc</span> <span class='ocrx_word' id='word_1_150' title='bbox 187 2077 275 2156; x_wconf 90' lang='lat' dir='ltr'>cibo,</span> <span class='ocrx_word' id='word_1_151' title='bbox 305 2101 414 2144; x_wconf 90' lang='lat' dir='ltr'>semen</span> <span class='ocrx_word' id='word_1_152' title='bbox 441 2075 617 2144; x_wconf 84' lang='lat' dir='ltr'>s&#39;ativarum</span> <span class='ocrx_word' id='word_1_153' title='bbox 639 2088 751 2143; x_wconf 88' lang='lat' dir='ltr'>contra</span> <span class='ocrx_word' id='word_1_154' title='bbox 780 2077 965 2163; x_wconf 89' lang='lat' dir='ltr'>scorpiones</span> <span class='ocrx_word' id='word_1_155' title='bbox 992 2078 1078 2159; x_wconf 85' lang='lat' dir='ltr'>dari,</span> <span class='ocrx_word' id='word_1_156' title='bbox 1108 2080 1229 2146; x_wconf 89' lang='lat' dir='ltr'>semine</span> 
     </span>
     <span class='ocr_line' id='line_1_19' title="bbox 105 2178 1228 2268; baseline 0.003 -24"><span class='ocrx_word' id='word_1_157' title='bbox 105 2181 180 2246; x_wconf 86' lang='lat' dir='ltr'>trito</span> <span class='ocrx_word' id='word_1_158' title='bbox 201 2203 242 2246; x_wconf 92' lang='lat' dir='ltr'>ex</span> <span class='ocrx_word' id='word_1_159' title='bbox 264 2181 338 2246; x_wconf 89' lang='lat' dir='ltr'>vino</span> <span class='ocrx_word' id='word_1_160' title='bbox 360 2191 436 2268; x_wconf 91' lang='lat' dir='ltr'>poto</span> <span class='ocrx_word' id='word_1_161' title='bbox 458 2191 490 2244; x_wconf 92' lang='lat' dir='ltr'>et</span> <span class='ocrx_word' id='word_1_162' title='bbox 511 2178 680 2245; x_wconf 90' lang='lat' dir='ltr'>libidinum</span> <span class='ocrx_word' id='word_1_163' title='bbox 701 2178 948 2265; x_wconf 84' lang='lat' dir='ltr'>imaginationes</span> <span class='ocrx_word' id='word_1_164' title='bbox 969 2180 1003 2246; x_wconf 91' lang='lat' dir='ltr'>in</span> <span class='ocrx_word' id='word_1_165' title='bbox 1018 2202 1129 2247; x_wconf 91' lang='lat' dir='ltr'>somno</span> <span class='ocrx_word' id='word_1_166' title='bbox 1151 2203 1228 2247; x_wconf 93' lang='lat' dir='ltr'>con·</span> 
     </span>
     <span class='ocr_line' id='line_1_20' title="bbox 105 2280 1227 2368; baseline 0.003 -23"><span class='ocrx_word' id='word_1_167' title='bbox 105 2281 211 2368; x_wconf 91' lang='lat' dir='ltr'>pesci,</span> <span class='ocrx_word' id='word_1_168' title='bbox 252 2282 440 2367; x_wconf 90' lang='lat' dir='ltr'>temptantis</span> <span class='ocrx_word' id='word_1_169' title='bbox 475 2301 575 2368; x_wconf 86' lang='lat' dir='ltr'>aquas</span> <span class='ocrx_word' id='word_1_170' title='bbox 608 2301 673 2346; x_wconf 92' lang='lat' dir='ltr'>non</span> <span class='ocrx_word' id='word_1_171' title='bbox 705 2301 822 2347; x_wconf 86' lang='lat' dir='ltr'>nocere</span> <span class='ocrx_word' id='word_1_172' title='bbox 856 2280 1013 2347; x_wconf 87' lang='lat' dir='ltr'>lactucam</span> <span class='ocrx_word' id='word_1_173' title='bbox 1047 2282 1227 2350; x_wconf 89' lang='lat' dir='ltr'>edentibus.</span> 
     </span>
     <span class='ocr_line' id='line_1_21' title="bbox 107 2379 1227 2469; baseline 0.002 -23"><span class='ocrx_word' id='word_1_174' title='bbox 107 2379 250 2463; x_wconf 83' lang='lat' dir='ltr'>Quidam</span> <span class='ocrx_word' id='word_1_175' title='bbox 271 2393 378 2448; x_wconf 91' lang='lat' dir='ltr'>tamen</span> <span class='ocrx_word' id='word_1_176' title='bbox 399 2381 634 2469; x_wconf 80' lang='lat' dir='ltr'>frequentiores</span> <span class='ocrx_word' id='word_1_177' title='bbox 655 2381 690 2446; x_wconf 88' lang='lat' dir='ltr'>in</span> <span class='ocrx_word' id='word_1_178' title='bbox 711 2381 784 2451; x_wconf 89' lang='lat' dir='ltr'>cibo</span> <span class='ocrx_word' id='word_1_179' title='bbox 804 2381 936 2448; x_wconf 82' lang='lat' dir='ltr'>officere</span> <span class='ocrx_word' id='word_1_180' title='bbox 958 2382 1096 2449; x_wconf 90' lang='lat' dir='ltr'>claritati</span> <span class='ocrx_word' id='word_1_181' title='bbox 1118 2383 1227 2450; x_wconf 89' lang='lat' dir='ltr'>oculo·</span> 
     </span>
     <span class='ocr_line' id='line_1_22' title="bbox 104 2481 408 2590; baseline 0.003 -42"><span class='ocrx_word' id='word_1_182' title='bbox 104 2503 177 2548; x_wconf 87' lang='lat' dir='ltr'>rum</span> <span class='ocrx_word' id='word_1_183' title='bbox 199 2481 408 2590; x_wconf 76' lang='lat' dir='ltr'>tradiderrmt.</span> 
     </span>
    </p>
   </div>
   <div class='ocr_carea' id='block_1_4' title="bbox 104 2653 1320 4276">
    <p class='ocr_par' dir='ltr' id='par_1_4' title="bbox 105 2653 1227 2720">
     <span class='ocr_line' id='line_1_23' title="bbox 105 2653 1227 2720; baseline 0.001 -16"><span class='ocrx_word' id='word_1_184' title='bbox 105 2653 221 2718; x_wconf 81' lang='lat' dir='ltr'>dissoluti,</span> <span class='ocrx_word' id='word_1_185' title='bbox 239 2657 310 2707; x_wconf 88' lang='lat' dir='ltr'>ouius</span> <span class='ocrx_word' id='word_1_186' title='bbox 326 2663 412 2705; x_wconf 86' lang='lat' dir='ltr'>tamen</span> <span class='ocrx_word' id='word_1_187' title='bbox 425 2655 547 2718; x_wconf 87' lang='lat' dir='ltr'>loquendi</span> <span class='ocrx_word' id='word_1_188' title='bbox 558 2655 657 2719; x_wconf 82' lang='lat' dir='ltr'>generis</span> <span class='ocrx_word' id='word_1_189' title='bbox 668 2653 768 2704; x_wconf 86' lang='lat' dir='ltr'>nullum</span> <span class='ocrx_word' id='word_1_190' title='bbox 780 2655 844 2704; x_wconf 91' lang='lat' dir='ltr'>mibi</span> <span class='ocrx_word' id='word_1_191' title='bbox 855 2656 882 2705; x_wconf 91' lang='lat' dir='ltr'>in</span> <span class='ocrx_word' id='word_1_192' title='bbox 892 2663 1013 2720; x_wconf 87' lang='lat' dir='ltr'>promptu</span> <span class='ocrx_word' id='word_1_193' title='bbox 1023 2663 1062 2707; x_wconf 87' lang='lat' dir='ltr'>cst</span> <span class='ocrx_word' id='word_1_194' title='bbox 1073 2656 1227 2720; x_wconf 86' lang='lat' dir='ltr'>exemplum.</span> 
     </span>
    </p>

    <p class='ocr_par' dir='ltr' id='par_1_5' title="bbox 105 2721 1229 2788">
     <span class='ocr_line' id='line_1_24' title="bbox 105 2721 1229 2788; baseline -0.002 -12"><span class='ocrx_word' id='word_1_195' title='bbox 105 2725 177 2776; x_wconf 81' lang='lat' dir='ltr'>Mala</span> <span class='ocrx_word' id='word_1_196' title='bbox 194 2723 397 2786; x_wconf 85' lang='lat' dir='ltr'>interpunctione</span> <span class='ocrx_word' id='word_1_197' title='bbox 415 2723 513 2787; x_wconf 88' lang='lat' dir='ltr'>decepti</span> <span class='ocrx_word' id='word_1_198' title='bbox 531 2731 556 2773; x_wconf 85' lang='lat' dir='ltr'>ct</span> <span class='ocrx_word' id='word_1_199' title='bbox 572 2721 709 2787; x_wconf 89' lang='lat' dir='ltr'>perturbati</span> <span class='ocrx_word' id='word_1_200' title='bbox 729 2721 825 2772; x_wconf 89' lang='lat' dir='ltr'>librarii</span> <span class='ocrx_word' id='word_1_201' title='bbox 845 2737 903 2773; x_wconf 88' lang='lat' dir='ltr'>cum</span> <span class='ocrx_word' id='word_1_202' title='bbox 921 2723 990 2773; x_wconf 89' lang='lat' dir='ltr'>buno</span> <span class='ocrx_word' id='word_1_203' title='bbox 1006 2725 1093 2774; x_wconf 86' lang='lat' dir='ltr'>locum</span> <span class='ocrx_word' id='word_1_204' title='bbox 1110 2725 1229 2788; x_wconf 85' lang='lat' dir='ltr'>expedire</span> 
     </span>
    </p>

    <p class='ocr_par' dir='ltr' id='par_1_6' title="bbox 104 2789 1229 2924">
     <span class='ocr_line' id='line_1_25' title="bbox 104 2789 1229 2856; baseline -0.001 -15"><span class='ocrx_word' id='word_1_205' title='bbox 104 2805 158 2841; x_wconf 91' lang='lat' dir='ltr'>non</span> <span class='ocrx_word' id='word_1_206' title='bbox 169 2790 316 2854; x_wconf 67' lang='lat' dir='ltr'>possenti(</span> <span class='ocrx_word' id='word_1_207' title='bbox 324 2790 405 2841; x_wconf 79' lang='lat' dir='ltr'>varias</span> <span class='ocrx_word' id='word_1_208' title='bbox 416 2790 623 2855; x_wconf 86' lang='lat' dir='ltr'>interpolationes</span> <span class='ocrx_word' id='word_1_209' title='bbox 635 2790 757 2840; x_wconf 69' lang='lat' dir='ltr'>anotsmtr</span> <span class='ocrx_word' id='word_1_210' title='bbox 769 2789 943 2855; x_wconf 75' lang='lat' dir='ltr'>oxypompotac</span> <span class='ocrx_word' id='word_1_211' title='bbox 953 2791 996 2841; x_wconf 81' lang='lat' dir='ltr'>val</span> <span class='ocrx_word' id='word_1_212' title='bbox 1006 2806 1111 2856; x_wconf 74' lang='lat' dir='ltr'>oryporo</span> <span class='ocrx_word' id='word_1_213' title='bbox 1122 2789 1229 2840; x_wconf 69' lang='lat' dir='ltr'>unaue</span> 
     </span>
     <span class='ocr_line' id='line_1_26' title="bbox 105 2855 1229 2924; baseline 0.005 -19"><span class='ocrx_word' id='word_1_214' title='bbox 105 2858 324 2921; x_wconf 65' lang='lat' dir='ltr'>asperitates-et</span> <span class='ocrx_word' id='word_1_215' title='bbox 334 2865 400 2906; x_wconf 84' lang='lat' dir='ltr'>aceto</span> <span class='ocrx_word' id='word_1_216' title='bbox 412 2865 542 2922; x_wconf 69' lang='lat' dir='ltr'>temperent</span> <span class='ocrx_word' id='word_1_217' title='bbox 551 2857 593 2908; x_wconf 83' lang='lat' dir='ltr'>vel</span> <span class='ocrx_word' id='word_1_218' title='bbox 604 2872 709 2923; x_wconf 76' lang='lat' dir='ltr'>oayporo</span> <span class='ocrx_word' id='word_1_219' title='bbox 719 2855 799 2908; x_wconf 72' lang='lat' dir='ltr'>oleru.</span> <span class='ocrx_word' id='word_1_220' title='bbox 815 2858 894 2909; x_wconf 86' lang='lat' dir='ltr'>Hisce</span> <span class='ocrx_word' id='word_1_221' title='bbox 902 2860 1053 2909; x_wconf 86' lang='lat' dir='ltr'>commentis</span> <span class='ocrx_word' id='word_1_222' title='bbox 1061 2859 1229 2924; x_wconf 78' lang='lat' dir='ltr'>superstruxit</span> 
     </span>
    </p>

    <p class='ocr_par' dir='ltr' id='par_1_7' title="bbox 106 2921 1228 2992">
     <span class='ocr_line' id='line_1_27' title="bbox 106 2921 1228 2992; baseline 0.001 -16"><span class='ocrx_word' id='word_1_223' title='bbox 106 2941 178 2976; x_wconf 89' lang='lat' dir='ltr'>suam</span> <span class='ocrx_word' id='word_1_224' title='bbox 190 2926 411 2990; x_wconf 86' lang='lat' dir='ltr'>interpolationem</span> <span class='ocrx_word' id='word_1_225' title='bbox 424 2926 582 2977; x_wconf 77' lang='lat' dir='ltr'>Schneider:</span> <span class='ocrx_word' id='word_1_226' title='bbox 599 2923 739 2976; x_wconf 66' lang='lat' dir='ltr'>amatos</span> <span class='ocrx_word' id='word_1_227' title='bbox 750 2921 875 2975; x_wconf 73' lang='lat' dir='ltr'>dissolutos</span> <span class='ocrx_word' id='word_1_228' title='bbox 883 2922 1008 2975; x_wconf 65' lang='lat' dir='ltr'>otiliam</span> <span class='ocrx_word' id='word_1_229' title='bbox 1018 2923 1149 2992; x_wconf 63' lang='lat' dir='ltr'>adiuwatf</span> <span class='ocrx_word' id='word_1_230' title='bbox 1164 2926 1190 2977; x_wconf 84' lang='lat' dir='ltr'>ia</span> <span class='ocrx_word' id='word_1_231' title='bbox 1201 2941 1228 2977; x_wconf 85' lang='lat' dir='ltr'>eo</span> 
     </span>
    </p>

    <p class='ocr_par' dir='ltr' id='par_1_8' title="bbox 105 2989 1320 3261">
     <span class='ocr_line' id='line_1_28' title="bbox 106 2989 1228 3058; baseline 0.004 -17"><span class='ocrx_word' id='word_1_232' title='bbox 106 3009 150 3040; x_wconf 78' lang='lat' dir='ltr'>asts</span> <span class='ocrx_word' id='word_1_233' title='bbox 167 3000 190 3041; x_wconf 90' lang='lat' dir='ltr'>et</span> <span class='ocrx_word' id='word_1_234' title='bbox 207 3009 310 3058; x_wconf 79' lang='lat' dir='ltr'>oxyporo</span> <span class='ocrx_word' id='word_1_235' title='bbox 327 2991 397 3042; x_wconf 83' lang='lat' dir='ltr'>oleris</span> <span class='ocrx_word' id='word_1_236' title='bbox 413 2993 511 3057; x_wconf 72' lang='lat' dir='ltr'>ceperit.</span> <span class='ocrx_word' id='word_1_237' title='bbox 529 2990 586 3045; x_wconf 75' lang='lat' dir='ltr'>add.</span> <span class='ocrx_word' id='word_1_238' title='bbox 605 2990 670 3042; x_wconf 77' lang='lat' dir='ltr'>dulci</span> <span class='ocrx_word' id='word_1_239' title='bbox 684 2989 720 3042; x_wconf 83' lang='lat' dir='ltr'>ad</span> <span class='ocrx_word' id='word_1_240' title='bbox 728 2991 850 3043; x_wconf 64' lang='lat' dir='ltr'>mmmm</span> <span class='ocrx_word' id='word_1_241' title='bbox 860 3000 927 3042; x_wconf 83' lang='lat' dir='ltr'>aceto</span> <span class='ocrx_word' id='word_1_242' title='bbox 938 2999 1079 3058; x_wconf 51' lang='lat' dir='ltr'>tetmarus&amp;</span> <span class='ocrx_word' id='word_1_243' title='bbox 1096 3008 1120 3044; x_wconf 80' lang='lat' dir='ltr'>v.</span> <span class='ocrx_word' id='word_1_244' title='bbox 1132 2995 1166 3044; x_wconf 83' lang='lat' dir='ltr'>ad</span> <span class='ocrx_word' id='word_1_245' title='bbox 1177 2993 1228 3045; x_wconf 73' lang='lat' dir='ltr'>(io-</span> 
     </span>
     <span class='ocr_line' id='line_1_29' title="bbox 106 3059 1228 3125; baseline 0 -15"><span class='ocrx_word' id='word_1_246' title='bbox 106 3061 203 3110; x_wconf 88' lang='lat' dir='ltr'>lumell.</span> <span class='ocrx_word' id='word_1_247' title='bbox 217 3063 248 3111; x_wconf 90' lang='lat' dir='ltr'>de</span> <span class='ocrx_word' id='word_1_248' title='bbox 260 3061 342 3111; x_wconf 88' lang='lat' dir='ltr'>arbor.</span> <span class='ocrx_word' id='word_1_249' title='bbox 358 3067 380 3124; x_wconf 93' lang='lat' dir='ltr'>l,</span> <span class='ocrx_word' id='word_1_250' title='bbox 394 3067 416 3111; x_wconf 90' lang='lat'>1.</span> <span class='ocrx_word' id='word_1_251' title='bbox 433 3077 458 3125; x_wconf 88' lang='lat' dir='ltr'>p.</span> <span class='ocrx_word' id='word_1_252' title='bbox 471 3064 529 3112; x_wconf 78' lang='grc'><strong>673.</strong></span> <span class='ocrx_word' id='word_1_253' title='bbox 548 3101 580 3111; x_wconf 89' lang='grc'>..</span> <span class='ocrx_word' id='word_1_254' title='bbox 597 3059 623 3110; x_wconf 85' lang='lat' dir='ltr'>ia</span> <span class='ocrx_word' id='word_1_255' title='bbox 634 3075 661 3110; x_wconf 86' lang='lat' dir='ltr'>eo</span> <span class='ocrx_word' id='word_1_256' title='bbox 672 3076 723 3122; x_wconf 81' lang='lat' dir='ltr'>usu,</span> <span class='ocrx_word' id='word_1_257' title='bbox 735 3075 759 3111; x_wconf 87' lang='lat' dir='ltr'>a.</span> <span class='ocrx_word' id='word_1_258' title='bbox 781 3059 807 3108; x_wconf 83' lang='lat' dir='ltr'>ia</span> <span class='ocrx_word' id='word_1_259' title='bbox 818 3075 857 3110; x_wconf 86' lang='lat' dir='ltr'>eos</span> <span class='ocrx_word' id='word_1_260' title='bbox 868 3074 933 3124; x_wconf 75' lang='lat' dir='ltr'>osca,</span> <span class='ocrx_word' id='word_1_261' title='bbox 944 3060 998 3112; x_wconf 82' lang='grc' dir='ltr'>Τᾱ.</span> <span class='ocrx_word' id='word_1_262' title='bbox 1021 3101 1054 3112; x_wconf 92' lang='grc'>..</span> <span class='ocrx_word' id='word_1_263' title='bbox 1076 3062 1228 3125; x_wconf 72' lang='lat' dir='ltr'>asperitatem</span> 
     </span>
     <span class='ocr_line' id='line_1_30' title="bbox 106 3125 1320 3200; baseline 0.002 -24"><span class='ocrx_word' id='word_1_264' title='bbox 106 3125 197 3189; x_wconf 81' lang='lat' dir='ltr'>addito,</span> <span class='ocrx_word' id='word_1_265' title='bbox 209 3145 233 3179; x_wconf 84' lang='lat' dir='ltr'>s.</span> <span class='ocrx_word' id='word_1_266' title='bbox 256 3128 385 3193; x_wconf 80' lang='lat' dir='ltr'>asperitate</span> <span class='ocrx_word' id='word_1_267' title='bbox 395 3126 490 3190; x_wconf 80' lang='lat' dir='ltr'>addita,</span> <span class='ocrx_word' id='word_1_268' title='bbox 503 3129 527 3179; x_wconf 88' lang='lat' dir='ltr'>d.</span> <span class='ocrx_word' id='word_1_269' title='bbox 550 3168 583 3180; x_wconf 88' lang='lat'>..</span> <span class='ocrx_word' id='word_1_270' title='bbox 604 3125 734 3189; x_wconf 68' lang='lat' dir='ltr'>scillitad.</span> <span class='ocrx_word' id='word_1_271' title='bbox 760 3125 899 3190; x_wconf 80' lang='lat' dir='ltr'>scillites,a.</span> <span class='ocrx_word' id='word_1_272' title='bbox 921 3164 954 3179; x_wconf 91' lang='lat'>....</span> <span class='ocrx_word' id='word_1_273' title='bbox 980 3127 1151 3192; x_wconf 78' lang='lat' dir='ltr'>autaiao,ad.</span> <span class='ocrx_word' id='word_1_274' title='bbox 1174 3129 1229 3179; x_wconf 82' lang='lat' dir='ltr'>rino</span> <span class='ocrx_word' id='word_1_275' title='bbox 1309 3185 1320 3200; x_wconf 29' lang='grc' dir='ltr'>ἱ</span> 
     </span>
     <span class='ocr_line' id='line_1_31' title="bbox 105 3193 930 3261; baseline 0.005 -17"><span class='ocrx_word' id='word_1_276' title='bbox 105 3196 200 3255; x_wconf 72' lang='lat' dir='ltr'>eutii.</span> <span class='ocrx_word' id='word_1_277' title='bbox 220 3232 252 3246; x_wconf 85' lang='lat'>..</span> <span class='ocrx_word' id='word_1_278' title='bbox 273 3195 394 3256; x_wconf 68' lang='lat' dir='ltr'>ementita,</span> <span class='ocrx_word' id='word_1_279' title='bbox 406 3198 431 3246; x_wconf 83' lang='lat' dir='ltr'>d</span> <span class='ocrx_word' id='word_1_280' title='bbox 454 3195 585 3257; x_wconf 61' lang='lat' dir='ltr'>absum</span> <span class='ocrx_word' id='word_1_281' title='bbox 597 3210 621 3247; x_wconf 75' lang='lat' dir='ltr'>a.</span> <span class='ocrx_word' id='word_1_282' title='bbox 639 3234 672 3246; x_wconf 92' lang='lat'>...</span> <span class='ocrx_word' id='word_1_283' title='bbox 692 3193 757 3257; x_wconf 82' lang='lat' dir='ltr'>siet,</span> <span class='ocrx_word' id='word_1_284' title='bbox 769 3197 813 3245; x_wconf 83' lang='lat' dir='ltr'>ad.</span> <span class='ocrx_word' id='word_1_285' title='bbox 830 3195 930 3261; x_wconf 70' lang='lat' dir='ltr'>etair.</span> 
     </span>
    </p>

    <p class='ocr_par' dir='ltr' id='par_1_9' title="bbox 140 3260 1125 3326">
     <span class='ocr_line' id='line_1_32' title="bbox 140 3260 1125 3326; baseline 0.003 -13"><span class='ocrx_word' id='word_1_286' title='bbox 140 3265 155 3326; x_wconf 64' lang='grc' dir='ltr'><strong>ξ</strong></span> <span class='ocrx_word' id='word_1_287' title='bbox 169 3266 209 3313; x_wconf 84' lang='grc'>66.</span> <span class='ocrx_word' id='word_1_288' title='bbox 227 3262 341 3313; x_wconf 77' lang='lat' dir='ltr'>marcenti</span> <span class='ocrx_word' id='word_1_289' title='bbox 351 3262 415 3324; x_wconf 83' lang='lat' dir='ltr'>vitio,</span> <span class='ocrx_word' id='word_1_290' title='bbox 427 3265 453 3315; x_wconf 83' lang='lat' dir='ltr'>d.</span> <span class='ocrx_word' id='word_1_291' title='bbox 469 3261 592 3312; x_wconf 76' lang='lat' dir='ltr'>mercandi</span> <span class='ocrx_word' id='word_1_292' title='bbox 601 3262 667 3325; x_wconf 79' lang='lat' dir='ltr'>vitia,</span> <span class='ocrx_word' id='word_1_293' title='bbox 677 3278 701 3314; x_wconf 66' lang='grc' dir='ltr'>ι</span> <span class='ocrx_word' id='word_1_294' title='bbox 719 3296 752 3313; x_wconf 79' lang='lat'>..-</span> <span class='ocrx_word' id='word_1_295' title='bbox 769 3260 882 3325; x_wconf 77' lang='lat' dir='ltr'>afoniiro,</span> <span class='ocrx_word' id='word_1_296' title='bbox 893 3263 939 3314; x_wconf 79' lang='lat' dir='ltr'>sd.</span> <span class='ocrx_word' id='word_1_297' title='bbox 955 3278 1012 3314; x_wconf 78' lang='lat' dir='ltr'>asso</span> <span class='ocrx_word' id='word_1_298' title='bbox 1022 3262 1094 3325; x_wconf 74' lang='lat' dir='ltr'>niro,</span> <span class='ocrx_word' id='word_1_299' title='bbox 1104 3280 1125 3317; x_wconf 84' lang='lat' dir='ltr'>r.</span> 
     </span>
    </p>

    <p class='ocr_par' dir='ltr' id='par_1_10' title="bbox 106 3327 1230 4004">
     <span class='ocr_line' id='line_1_33' title="bbox 141 3327 1228 3396; baseline 0.002 -16"><span class='ocrx_word' id='word_1_300' title='bbox 141 3333 209 3394; x_wconf 65' lang='lat' dir='ltr'>§tt</span> <span class='ocrx_word' id='word_1_301' title='bbox 233 3331 331 3394; x_wconf 78' lang='lat' dir='ltr'>patinis,</span> <span class='ocrx_word' id='word_1_302' title='bbox 344 3332 381 3381; x_wconf 89' lang='lat' dir='ltr'>ad</span> <span class='ocrx_word' id='word_1_303' title='bbox 398 3327 521 3395; x_wconf 88' lang='lat' dir='ltr'>(Appul.)</span> <span class='ocrx_word' id='word_1_304' title='bbox 539 3331 597 3382; x_wconf 88' lang='lat' dir='ltr'>Om.</span> <span class='ocrx_word' id='word_1_305' title='bbox 609 3344 629 3382; x_wconf 89' lang='lat' dir='ltr'>r.</span> <span class='ocrx_word' id='word_1_306' title='bbox 652 3368 684 3381; x_wconf 89' lang='grc'>...</span> <span class='ocrx_word' id='word_1_307' title='bbox 710 3328 812 3380; x_wconf 66' lang='lat' dir='ltr'>memmi</span> <span class='ocrx_word' id='word_1_308' title='bbox 824 3329 908 3393; x_wconf 71' lang='lat' dir='ltr'>coctu,</span> <span class='ocrx_word' id='word_1_309' title='bbox 922 3332 960 3382; x_wconf 84' lang='lat' dir='ltr'>ad</span> <span class='ocrx_word' id='word_1_310' title='bbox 976 3329 1099 3396; x_wconf 86' lang='lat' dir='ltr'>(Appul.)</span> <span class='ocrx_word' id='word_1_311' title='bbox 1124 3331 1228 3382; x_wconf 76' lang='lat' dir='ltr'>marino</span> 
     </span>
     <span class='ocr_line' id='line_1_34' title="bbox 106 3389 1226 3480; baseline 0.004 -34"><span class='ocrx_word' id='word_1_312' title='bbox 106 3395 182 3460; x_wconf 81' lang='lat' dir='ltr'>caule,</span> <span class='ocrx_word' id='word_1_313' title='bbox 198 3415 217 3448; x_wconf 88' lang='lat' dir='ltr'>r.</span> <span class='ocrx_word' id='word_1_314' title='bbox 241 3439 273 3448; x_wconf 79' lang='lat'>..</span> <span class='ocrx_word' id='word_1_315' title='bbox 301 3397 368 3459; x_wconf 78' lang='lat' dir='ltr'>laste,</span> <span class='ocrx_word' id='word_1_316' title='bbox 385 3400 430 3448; x_wconf 88' lang='lat' dir='ltr'>ad.</span> <span class='ocrx_word' id='word_1_317' title='bbox 456 3396 521 3461; x_wconf 83' lang='lat' dir='ltr'>loeti,</span> <span class='ocrx_word' id='word_1_318' title='bbox 540 3389 613 3478; x_wconf 59' lang='lat' dir='ltr'>OTa</span> <span class='ocrx_word' id='word_1_319' title='bbox 659 3396 688 3460; x_wconf 59' lang='lat'>=‘,</span> <span class='ocrx_word' id='word_1_320' title='bbox 702 3397 802 3462; x_wconf 87' lang='lat' dir='ltr'>Appul.</span> <span class='ocrx_word' id='word_1_321' title='bbox 823 3436 856 3477; x_wconf 88' lang='lat'>.··</span> <span class='ocrx_word' id='word_1_322' title='bbox 883 3397 1058 3480; x_wconf 58' lang='lat' dir='ltr'>defervefacti,</span> <span class='ocrx_word' id='word_1_323' title='bbox 1073 3399 1171 3465; x_wconf 80' lang='lat' dir='ltr'>Appul.</span> <span class='ocrx_word' id='word_1_324' title='bbox 1194 3438 1226 3452; x_wconf 92' lang='grc'>..</span> 
     </span>
     <span class='ocr_line' id='line_1_35' title="bbox 106 3461 1227 3601; baseline 0.004 -21"><span class='ocrx_word' id='word_1_325' title='bbox 106 3467 283 3596; x_wconf 61' lang='lat' dir='ltr'>tibuit</span> <span class='ocrx_word' id='word_1_326' title='bbox 297 3461 506 3596; x_wconf 45' lang='lat' dir='ltr'>&amp;titia-i.</span> <span class='ocrx_word' id='word_1_327' title='bbox 527 3473 643 3596; x_wconf 64' lang='lat' dir='ltr'>tite,</span> <span class='ocrx_word' id='word_1_328' title='bbox 657 3466 763 3584; x_wconf 60' lang='lat' dir='ltr'>taz</span> <span class='ocrx_word' id='word_1_329' title='bbox 778 3463 912 3597; x_wconf 68' lang='lat' dir='ltr'>atat:</span> <span class='ocrx_word' id='word_1_330' title='bbox 928 3465 1227 3601; x_wconf 40' lang='lat' dir='ltr'>atthidis„</span> 
     </span>
     <span class='ocr_line' id='line_1_36' title="bbox 106 3593 1227 3670; baseline 0.001 -21"><span class='ocrx_word' id='word_1_331' title='bbox 106 3601 182 3661; x_wconf 74' lang='lat' dir='ltr'>rituti,</span> <span class='ocrx_word' id='word_1_332' title='bbox 198 3616 221 3651; x_wconf 87' lang='lat' dir='ltr'>a.</span> <span class='ocrx_word' id='word_1_333' title='bbox 248 3599 463 3664; x_wconf 74' lang='lat' dir='ltr'>acl-charitatem,</span> <span class='ocrx_word' id='word_1_334' title='bbox 480 3601 511 3652; x_wconf 83' lang='lat' dir='ltr'>T.</span> <span class='ocrx_word' id='word_1_335' title='bbox 532 3593 789 3670; x_wconf 55' lang='lat' dir='ltr'>filled-clodium,</span> <span class='ocrx_word' id='word_1_336' title='bbox 804 3602 829 3652; x_wconf 84' lang='lat' dir='ltr'>d.</span> <span class='ocrx_word' id='word_1_337' title='bbox 852 3641 884 3652; x_wconf 89' lang='lat'><em>-</em></span> <span class='ocrx_word' id='word_1_338' title='bbox 906 3601 1047 3667; x_wconf 82' lang='lat' dir='ltr'>percipitur,</span> <span class='ocrx_word' id='word_1_339' title='bbox 1062 3619 1083 3653; x_wconf 94' lang='lat' dir='ltr'>r.</span> <span class='ocrx_word' id='word_1_340' title='bbox 1107 3643 1138 3653; x_wconf 88' lang='lat'>-</span> <span class='ocrx_word' id='word_1_341' title='bbox 1164 3600 1227 3664; x_wconf 66' lang='lat' dir='ltr'>dura</span> 
     </span>
     <span class='ocr_line' id='line_1_37' title="bbox 106 3665 1227 3734; baseline 0 -14"><span class='ocrx_word' id='word_1_342' title='bbox 106 3669 179 3720; x_wconf 82' lang='lat' dir='ltr'>Tad.</span> <span class='ocrx_word' id='word_1_343' title='bbox 197 3675 290 3731; x_wconf 80' lang='lat' dir='ltr'>etcum,</span> <span class='ocrx_word' id='word_1_344' title='bbox 302 3671 334 3720; x_wconf 78' lang='lat' dir='ltr'>K</span> <span class='ocrx_word' id='word_1_345' title='bbox 354 3709 385 3718; x_wconf 92' lang='lat'>..</span> <span class='ocrx_word' id='word_1_346' title='bbox 405 3668 544 3733; x_wconf 84' lang='lat' dir='ltr'>tempestive,</span> <span class='ocrx_word' id='word_1_347' title='bbox 556 3671 601 3720; x_wconf 90' lang='lat' dir='ltr'>ad.</span> <span class='ocrx_word' id='word_1_348' title='bbox 624 3665 767 3733; x_wconf 79' lang='lat' dir='ltr'>tempestivo,</span> <span class='ocrx_word' id='word_1_349' title='bbox 778 3669 810 3720; x_wconf 85' lang='grc' dir='ltr'>Τ.</span> <span class='ocrx_word' id='word_1_350' title='bbox 832 3670 990 3734; x_wconf 65' lang='lat' dir='ltr'>temporali„</span> <span class='ocrx_word' id='word_1_351' title='bbox 1009 3710 1040 3721; x_wconf 91' lang='lat'>...</span> <span class='ocrx_word' id='word_1_352' title='bbox 1058 3668 1143 3734; x_wconf 85' lang='lat' dir='ltr'>eapite,</span> <span class='ocrx_word' id='word_1_353' title='bbox 1155 3671 1227 3722; x_wconf 82' lang='lat' dir='ltr'>Tad.</span> 
     </span>
     <span class='ocr_line' id='line_1_38' title="bbox 106 3732 1230 3801; baseline 0.003 -16"><span class='ocrx_word' id='word_1_354' title='bbox 106 3735 199 3800; x_wconf 83' lang='lat' dir='ltr'>capitis,</span> <span class='ocrx_word' id='word_1_355' title='bbox 211 3736 245 3787; x_wconf 86' lang='grc' dir='ltr'>Κ.</span> <span class='ocrx_word' id='word_1_356' title='bbox 264 3777 295 3786; x_wconf 92' lang='lat'>..</span> <span class='ocrx_word' id='word_1_357' title='bbox 318 3735 534 3801; x_wconf 58' lang='lat' dir='ltr'>inansnrsaKa</span> <span class='ocrx_word' id='word_1_358' title='bbox 565 3736 572 3748; x_wconf 84' lang='lat'>&#39;</span> <span class='ocrx_word' id='word_1_359' title='bbox 632 3742 712 3798; x_wconf 78' lang='lat' dir='ltr'>antur,</span> <span class='ocrx_word' id='word_1_360' title='bbox 727 3732 781 3787; x_wconf 83' lang='lat' dir='ltr'>Td.</span> <span class='ocrx_word' id='word_1_361' title='bbox 799 3777 832 3788; x_wconf 89' lang='lat'>..</span> <span class='ocrx_word' id='word_1_362' title='bbox 853 3734 1071 3800; x_wconf 80' lang='lat' dir='ltr'>oculietaduitia,</span> <span class='ocrx_word' id='word_1_363' title='bbox 1087 3737 1141 3788; x_wconf 77' lang='lat' dir='ltr'>Ta</span> <span class='ocrx_word' id='word_1_364' title='bbox 1168 3735 1230 3788; x_wconf 78' lang='lat' dir='ltr'>oculi</span> 
     </span>
     <span class='ocr_line' id='line_1_39' title="bbox 106 3752 1227 3870; baseline 0.002 -18"><span class='ocrx_word' id='word_1_365' title='bbox 106 3810 130 3852; x_wconf 89' lang='lat' dir='ltr'>et</span> <span class='ocrx_word' id='word_1_366' title='bbox 140 3802 207 3865; x_wconf 82' lang='lat' dir='ltr'>vitia,</span> <span class='ocrx_word' id='word_1_367' title='bbox 220 3821 243 3854; x_wconf 87' lang='lat' dir='ltr'>a.</span> <span class='ocrx_word' id='word_1_368' title='bbox 262 3802 380 3853; x_wconf 80' lang='lat' dir='ltr'>oculorum</span> <span class='ocrx_word' id='word_1_369' title='bbox 392 3819 483 3868; x_wconf 82' lang='lat' dir='ltr'>quoque</span> <span class='ocrx_word' id='word_1_370' title='bbox 494 3752 655 3869; x_wconf 51' lang='lat' dir='ltr'>vitiisfflr.</span> <span class='ocrx_word' id='word_1_371' title='bbox 678 3802 755 3866; x_wconf 81' lang='lat' dir='ltr'>Quod</span> <span class='ocrx_word' id='word_1_372' title='bbox 766 3805 880 3869; x_wconf 84' lang='lat' dir='ltr'>sequitur</span> <span class='ocrx_word' id='word_1_373' title='bbox 890 3803 927 3854; x_wconf 76' lang='lat' dir='ltr'>itis</span> <span class='ocrx_word' id='word_1_374' title='bbox 937 3805 1060 3870; x_wconf 87' lang='lat' dir='ltr'>impedire</span> <span class='ocrx_word' id='word_1_375' title='bbox 1071 3820 1124 3856; x_wconf 88' lang='lat' dir='ltr'>nou</span> <span class='ocrx_word' id='word_1_376' title='bbox 1135 3812 1227 3870; x_wconf 88' lang='lat' dir='ltr'>potest,</span> 
     </span>
     <span class='ocr_line' id='line_1_40' title="bbox 107 3870 1228 3938; baseline 0.004 -18"><span class='ocrx_word' id='word_1_377' title='bbox 107 3871 241 3935; x_wconf 90' lang='lat' dir='ltr'>quominus</span> <span class='ocrx_word' id='word_1_378' title='bbox 260 3873 376 3922; x_wconf 89' lang='lat' dir='ltr'>codicum</span> <span class='ocrx_word' id='word_1_379' title='bbox 393 3872 543 3936; x_wconf 83' lang='lat' dir='ltr'>scripturam</span> <span class='ocrx_word' id='word_1_380' title='bbox 558 3871 748 3936; x_wconf 85' lang='lat' dir='ltr'>interpolationi</span> <span class='ocrx_word' id='word_1_381' title='bbox 762 3872 882 3936; x_wconf 81' lang='lat' dir='ltr'>vulgatae</span> <span class='ocrx_word' id='word_1_382' title='bbox 896 3870 1080 3938; x_wconf 59' lang='lat' dir='ltr'>praesumam</span> <span class='ocrx_word' id='word_1_383' title='bbox 1102 3889 1125 3923; x_wconf 75' lang='grc' dir='ltr'>ν.</span> <span class='ocrx_word' id='word_1_384' title='bbox 1142 3876 1175 3923; x_wconf 87' lang='lat' dir='ltr'>ad</span> <span class='ocrx_word' id='word_1_385' title='bbox 1186 3878 1228 3935; x_wconf 76' lang='grc'>32,</span> 
     </span>
     <span class='ocr_line' id='line_1_41' title="bbox 107 3934 696 4004; baseline 0.005 -17"><span class='ocrx_word' id='word_1_386' title='bbox 107 3945 148 3988; x_wconf 81' lang='lat'>24.</span> <span class='ocrx_word' id='word_1_387' title='bbox 168 3980 199 3988; x_wconf 80' lang='grc'><strong>-</strong></span> <span class='ocrx_word' id='word_1_388' title='bbox 217 3937 262 4000; x_wconf 74' lang='lat' dir='ltr'>tis,</span> <span class='ocrx_word' id='word_1_389' title='bbox 275 3940 347 3989; x_wconf 78' lang='lat' dir='ltr'>Tau.</span> <span class='ocrx_word' id='word_1_390' title='bbox 365 3981 397 3989; x_wconf 83' lang='grc'>-</span> <span class='ocrx_word' id='word_1_391' title='bbox 416 3937 471 4002; x_wconf 68' lang='lat' dir='ltr'>aas</span> <span class='ocrx_word' id='word_1_392' title='bbox 483 3940 556 3991; x_wconf 78' lang='lat' dir='ltr'>Tae.</span> <span class='ocrx_word' id='word_1_393' title='bbox 573 3945 635 4002; x_wconf 73' lang='lat' dir='ltr'>eme,</span> <span class='ocrx_word' id='word_1_394' title='bbox 646 3934 696 4004; x_wconf 75' lang='grc' dir='ltr'>βγ.</span> 
     </span>
    </p>

    <p class='ocr_par' dir='ltr' id='par_1_11' title="bbox 106 3999 1230 4276">
     <span class='ocr_line' id='line_1_42' title="bbox 140 3999 1228 4072; baseline -0.001 -15"><span class='ocrx_word' id='word_1_395' title='bbox 140 4008 209 4070; x_wconf 71' lang='grc'>568.</span> <span class='ocrx_word' id='word_1_396' title='bbox 228 4006 339 4066; x_wconf 69' lang='lat' dir='ltr'>thoracis,</span> <span class='ocrx_word' id='word_1_397' title='bbox 352 4007 396 4056; x_wconf 90' lang='lat' dir='ltr'>ad.</span> <span class='ocrx_word' id='word_1_398' title='bbox 419 4004 522 4057; x_wconf 74' lang='lat' dir='ltr'>thoracis</span> <span class='ocrx_word' id='word_1_399' title='bbox 532 4006 612 4071; x_wconf 68' lang='lat' dir='ltr'>etiam,</span> <span class='ocrx_word' id='word_1_400' title='bbox 623 3999 674 4072; x_wconf 75' lang='grc' dir='ltr'>βγ.</span> <span class='ocrx_word' id='word_1_401' title='bbox 692 4048 723 4061; x_wconf 78' lang='grc'>..</span> <span class='ocrx_word' id='word_1_402' title='bbox 742 4002 815 4070; x_wconf 64' lang='lat' dir='ltr'>cidi,</span> <span class='ocrx_word' id='word_1_403' title='bbox 826 4007 851 4058; x_wconf 84' lang='lat' dir='ltr'>d.</span> <span class='ocrx_word' id='word_1_404' title='bbox 873 4013 899 4056; x_wconf 81' lang='lat' dir='ltr'>at</span> <span class='ocrx_word' id='word_1_405' title='bbox 910 4004 955 4070; x_wconf 79' lang='lat' dir='ltr'>bis,</span> <span class='ocrx_word' id='word_1_406' title='bbox 966 4020 989 4072; x_wconf 82' lang='lat' dir='ltr'>a.</span> <span class='ocrx_word' id='word_1_407' title='bbox 1011 4048 1038 4056; x_wconf 89' lang='lat'>-</span> <span class='ocrx_word' id='word_1_408' title='bbox 1057 4022 1117 4066; x_wconf 83' lang='lat' dir='ltr'>eum,</span> <span class='ocrx_word' id='word_1_409' title='bbox 1129 4021 1153 4056; x_wconf 90' lang='lat' dir='ltr'>a.</span> <span class='ocrx_word' id='word_1_410' title='bbox 1171 4004 1228 4058; x_wconf 91' lang='lat' dir='ltr'>Om.</span> 
     </span>
     <span class='ocr_line' id='line_1_43' title="bbox 107 4066 1229 4140; baseline 0.001 -18"><span class='ocrx_word' id='word_1_411' title='bbox 107 4075 132 4123; x_wconf 87' lang='lat' dir='ltr'>d.</span> <span class='ocrx_word' id='word_1_412' title='bbox 145 4116 175 4124; x_wconf 83' lang='grc'>.,</span> <span class='ocrx_word' id='word_1_413' title='bbox 195 4073 354 4138; x_wconf 76' lang='lat' dir='ltr'>comporpari,</span> <span class='ocrx_word' id='word_1_414' title='bbox 366 4076 390 4124; x_wconf 88' lang='lat' dir='ltr'>d.</span> <span class='ocrx_word' id='word_1_415' title='bbox 408 4084 458 4123; x_wconf 73' lang='lat' dir='ltr'>nem</span> <span class='ocrx_word' id='word_1_416' title='bbox 466 4073 580 4140; x_wconf 67' lang='lat' dir='ltr'>percari,</span> <span class='ocrx_word' id='word_1_417' title='bbox 591 4089 615 4125; x_wconf 88' lang='lat' dir='ltr'>a.</span> <span class='ocrx_word' id='word_1_418' title='bbox 630 4072 740 4140; x_wconf 71' lang='lat' dir='ltr'>poryart,</span> <span class='ocrx_word' id='word_1_419' title='bbox 751 4066 803 4140; x_wconf 74' lang='grc' dir='ltr'>βγ.</span> <span class='ocrx_word' id='word_1_420' title='bbox 818 4115 851 4126; x_wconf 87' lang='lat'>..</span> <span class='ocrx_word' id='word_1_421' title='bbox 865 4081 930 4140; x_wconf 82' lang='lat' dir='ltr'>poto,</span> <span class='ocrx_word' id='word_1_422' title='bbox 941 4075 1039 4139; x_wconf 86' lang='lat' dir='ltr'>Appal.</span> <span class='ocrx_word' id='word_1_423' title='bbox 1053 4081 1143 4139; x_wconf 83' lang='lat' dir='ltr'>potum,</span> <span class='ocrx_word' id='word_1_424' title='bbox 1156 4074 1229 4125; x_wconf 81' lang='lat' dir='ltr'>Tad.</span> 
     </span>
     <span class='ocr_line' id='line_1_44' title="bbox 108 4140 1228 4208; baseline -0.002 -17"><span class='ocrx_word' id='word_1_425' title='bbox 108 4182 139 4191; x_wconf 87' lang='lat'>..</span> <span class='ocrx_word' id='word_1_426' title='bbox 152 4141 301 4205; x_wconf 80' lang='lat' dir='ltr'>imitationes,</span> <span class='ocrx_word' id='word_1_427' title='bbox 313 4142 411 4206; x_wconf 85' lang='lat' dir='ltr'>Appul.</span> <span class='ocrx_word' id='word_1_428' title='bbox 425 4181 455 4191; x_wconf 79' lang='grc'>-</span> <span class='ocrx_word' id='word_1_429' title='bbox 474 4141 648 4207; x_wconf 77' lang='lat' dir='ltr'>insomno,sd</span> <span class='ocrx_word' id='word_1_430' title='bbox 667 4141 800 4203; x_wconf 54' lang='lat' dir='ltr'>iaeibossi&#39;.</span> <span class='ocrx_word' id='word_1_431' title='bbox 813 4183 845 4193; x_wconf 84' lang='grc'>-</span> <span class='ocrx_word' id='word_1_432' title='bbox 862 4141 983 4208; x_wconf 77' lang='lat' dir='ltr'>compesci,</span> <span class='ocrx_word' id='word_1_433' title='bbox 995 4144 1026 4193; x_wconf 87' lang='lat' dir='ltr'>T.</span> <span class='ocrx_word' id='word_1_434' title='bbox 1043 4140 1228 4205; x_wconf 67' lang='lat' dir='ltr'>compescitad.</span> 
     </span>
     <span class='ocr_line' id='line_1_45' title="bbox 106 4207 1230 4276; baseline -0.001 -19"><span class='ocrx_word' id='word_1_435' title='bbox 106 4217 292 4272; x_wconf 74' lang='lat' dir='ltr'>compescantur,</span> <span class='ocrx_word' id='word_1_436' title='bbox 307 4210 405 4275; x_wconf 85' lang='lat' dir='ltr'>Appul.</span> <span class='ocrx_word' id='word_1_437' title='bbox 429 4249 461 4259; x_wconf 89' lang='lat'>..</span> <span class='ocrx_word' id='word_1_438' title='bbox 488 4210 599 4260; x_wconf 68' lang='lat' dir='ltr'>raaia</span> <span class='ocrx_word' id='word_1_439' title='bbox 614 4210 735 4276; x_wconf 65' lang='lat' dir='ltr'>opacat.</span> <span class='ocrx_word' id='word_1_440' title='bbox 763 4209 874 4259; x_wconf 64' lang='lat' dir='ltr'>acautis</span> <span class='ocrx_word' id='word_1_441' title='bbox 885 4210 997 4273; x_wconf 63' lang='lat' dir='ltr'>aquiaa</span> <span class='ocrx_word' id='word_1_442' title='bbox 1020 4250 1052 4259; x_wconf 88' lang='lat'>..</span> <span class='ocrx_word' id='word_1_443' title='bbox 1078 4207 1230 4267; x_wconf 73' lang='lat' dir='ltr'>incitasti</span> 
     </span>
    </p>
   </div>
   <div class='ocr_carea' id='block_1_5' title="bbox 106 4274 1330 4432">
    <p class='ocr_par' dir='ltr' id='par_1_12' title="bbox 106 4274 1330 4432">
     <span class='ocr_line' id='line_1_46' title="bbox 106 4274 1330 4432; baseline 0.012 -105"><span class='ocrx_word' id='word_1_444' title='bbox 106 4274 567 4341; x_wconf 75' lang='lat' dir='ltr'>(Appul.)0m.&#39;r...ctaria1u,a.</span> <span class='ocrx_word' id='word_1_445' title='bbox 1007 4340 1024 4373; x_wconf 39' lang='lat' dir='ltr'><em>n</em></span> <span class='ocrx_word' id='word_1_446' title='bbox 1182 4324 1330 4432; x_wconf 37' lang='lat'>‘-</span> 
     </span>
    </p>
   </div>
   <div class='ocr_carea' id='block_1_6' title="bbox 0 0 1382 4726">
    <p class='ocr_par' dir='ltr' id='par_1_13' title="bbox 0 0 1382 4726">
     <span class='ocr_line' id='line_1_47' title="bbox 0 0 1382 4726; baseline 0 0"><span class='ocrx_word' id='word_1_447' title='bbox 0 0 1382 4726; x_wconf 95' lang='lat' dir='ltr'> </span> 
     </span>
    </p>
   </div>
  </div>
 </body>
</html>
