2754 4726
117 310 182 376 450
337 372 345 377 ,
469 321 674 371 usuunams
695 321 891 371 ursromsn

119 475 228 554 trabit,
261 475 375 540 tubera
405 472 546 550 discutit,
579 473 676 538 dura'
694 472 876 555 concoquit,
908 471 1036 539 dolores
1068 495 1244 541 nervorum

118 576 237 642 mulcet
258 574 426 658 ulceraque
447 573 513 638 iam
533 571 740 658 desperantia
759 572 794 636 in
814 571 997 637 danicam
1016 573 1131 639 cludit.
1156 573 1282 641 bid-1⁰

117 675 159 741 lis
180 674 310 759 quidem
324 673 429 760 ipsius
450 682 565 738 natura
585 671 658 738 talis
680 683 731 738 est
751 681 789 737 ut
809 682 996 758 putrescere
1018 694 1158 759 corpora
1178 696 1241 741 uon

118 775 213 854 sinat,
235 775 376 842 iucundo
387 796 505 860 sapore
526 784 621 857 atque
641 794 707 838 non
728 795 855 859 aspero,
876 771 942 838 alia
961 794 1061 856 quam
1081 773 1164 840 salis
1183 795 1239 841 na·

119 887 208 953 tura3
237 873 397 952 faucibus,
419 873 568 952 tonsillis,
590 873 729 963 anginae
749 870 963 956 omnibusque
983 872 1051 938 oris
1070 873 1240 941 desideriis

69 974 76 983 ”
117 976 325 1043 utilissimum
345 976 564 1058 arescentique
584 974 619 1038 in
639 972 786 1039 febribus
806 974 948 1058 linguae,
966 973 1033 1037 iam
1053 996 1134 1040 vero
1154 973 1237 1060 peti-

119 1075 359 1164 pneumonicis,
392 1075 571 1162 pleuriticis
604 1074 782 1151 decoctum,
811 1073 888 1138 item
916 1070 1104 1140 volneribus
1130 1097 1152 1139 a
1172 1097 1244 1166 aar».

119 1187 217 1261 pente
243 1177 408 1262 percussis
435 1185 467 1241 et
493 1186 606 1241 contra
631 1196 757 1240 venena
776 1173 966 1262 fungorum,
998 1173 1236 1259 paralyticisin

118 1277 232 1355 mulso,
258 1298 452 1362 quamquam
482 1298 560 1342 suae
585 1276 690 1341 mulso
713 1275 806 1341 dotes
827 1284 983 1341 coustant
1014 1272 1089 1339 Mel
1109 1272 1237 1341 auribus

118 1376 289 1442 instillatur
310 1399 383 1441 oum
404 1398 550 1454 rosaceo,
575 1375 687 1441 lendes
709 1385 742 1440 et
761 1375 855 1440 foeda
875 1374 990 1460 capitis
1010 1374 1166 1441 animalia
1184 1397 1236 1440 ns-

118 1489 180 1544 oat.
203 1477 295 1543 Usus
310 1477 493 1563 despumati
507 1498 636 1562 semper
649 1477 771 1562 aptior3
794 1474 991 1540 stomachum
1009 1480 1121 1540 minen
1142 1472 1236 1552 inflat,
1248 1489 1282 1536 tn

119 1577 218 1644 bilem
244 1586 353 1664 auget,
382 1577 547 1643 matidiam
574 1588 665 1641 creat
691 1586 723 1640 et
748 1575 849 1641 oculis
869 1597 929 1660 per
949 1597 985 1640 se
1006 1573 1123 1641 inutile
1143 1574 1237 1658 aliqui

119 1678 330 1755 arbitrantur3
363 1699 475 1743 rursus
501 1677 634 1760 quidam
655 1677 791 1761 angulos
814 1674 1132 1741 exulceratosmelle
1153 1672 1237 1762 uugi

120 1779 265 1843 suadent
298 1777 408 1844 Mollis
434 1799 549 1842 causas
569 1788 665 1861 atque
686 1775 883 1840 differentias
903 1775 1120 1858 nationesque
1139 1785 1173 1842 ct
1190 1777 1237 1842 iu·

119 1876 312 1942 dicationem
332 1877 367 1941 in
388 1878 498 1962 apium
519 1899 558 1942 ac
579 1876 698 1941 deindo
718 1875 833 1941 florum
852 1885 967 1939 natura
986 1874 1144 1954 dimmus,
1168 1897 1238 1941 cum

119 1977 201 2043 ratio
229 1978 337 2064 operis
363 1978 467 2043 dividi
496 1986 627 2065 cogeret
646 1976 811 2042 miscenda
830 1997 944 2041 rursus
963 1982 1116 2040 nattnam
1135 1998 1240 2042 rarum

118 2099 309 2162 pernoscere
331 2078 520 2144 volentibus.

162 2177 215 2241 51.
247 2177 287 2241 In
306 2178 408 2242 mellis
430 2177 582 2263 operibus
603 2188 636 2242 et
657 2199 741 2262 aqua
761 2176 865 2242 mulsa
885 2175 984 2242 debet
1002 2175 1145 2263 mamati.
1165 2173 1282 2241 Duum

120 2295 241 2360 genera
260 2276 341 2353 eius,
365 2277 489 2341 subitae
511 2299 549 2342 ac
562 2278 711 2356 recentis,
734 2279 869 2343 alterum
882 2276 1090 2342 inveteratae.
1111 2275 1239 2362 Repen-

120 2374 188 2439 tina
220 2375 410 2460 despumato
442 2376 534 2442 melle
561 2377 760 2463 praeclaram
788 2377 959 2445 utilitatem
984 2376 1081 2442 lrabet
1106 2376 1144 2441 in
1171 2375 1240 2442 cibo

119 2476 353 2561 aegrotantium
376 2476 439 2541 levi
466 2476 527 2542 hoo
555 2488 605 2542 est
630 2477 731 2543 alicae
758 2478 874 2554 elutae,
904 2477 1025 2542 viribus
1046 2475 1240 2552 remeandis,

120 2575 167 2639 ori
202 2577 425 2661 stomachoque
456 2578 643 2656 mulcendo,
678 2578 784 2643 ardori
812 2578 1050 2663 refrigerand03
1086 2577 1239 2663 frigidam

120 2677 205 2740 euim
238 2677 308 2743 dari
340 2677 448 2741 utilius
482 2679 584 2742 ventri
609 2677 781 2742 molliendo
809 2677 937 2741 invenio
965 2675 1053 2762 apud
1075 2688 1239 2751 auctores3

121 2776 206 2841 huno
227 2787 337 2861 potum
361 2776 534 2843 bibendum
557 2776 693 2852 alsiosis,
721 2777 798 2841 item
819 2777 918 2841 animi
939 2776 1069 2842 humilis
1090 2786 1123 2842 et
1144 2798 1239 2864 prae·

154 2977 281 3038 tubercula,
297 2981 329 3029 K.
343 3021 372 3029 -
393 2997 513 3029 nervorum
526 2979 625 3040 dolores
638 2982 693 3032 Vd„
708 3023 738 3030 -
758 2981 917 3045 desperantia,
928 2983 1013 3032 RVd.
1028 2979 1193 3044 dispwanfia,
1210 2975 1239 3032 θ.

119 3044 254 3109 desperata
268 3047 301 3095 Κ.
324 3088 355 3096 ..
383 3048 407 3096 in
422 3048 555 3097 auctricem
570 3046 651 3109 cludit,
666 3050 697 3099 B.
724 3050 748 3097 in
764 3048 895 3098 &canuam
910 3049 1008 3112 claudit,
1023 3049 1075 3099 Tu
1100 3047 1239 3099 etcum

118 3111 199 3174 cludit,
211 3114 245 3162 V.
271 3113 378 3162 maiae
390 3112 496 3172 includit,
507 3109 537 3175 β

152 3183 237 3243 5108.
264 3179 378 3242 iocunda,
392 3182 425 3231 V.
448 3223 479 3232 ..
508 3179 607 3230 tonsillis
622 3180 752 3245 capannas,
770 3183 802 3232 R.
830 3181 919 3230 ton-silli
933 3183 1060 3245 sanquine,
1077 3183 1111 3231 V.
1139 3181 1240 3231 caedat

118 3247 242 3308 sanquine,
255 3248 278 3295 d.
300 3249 501 3308 V.Di0soor.2,
516 3255 572 3299 101.
592 3290 623 3298 -
645 3249 701 3310 cru,
714 3250 807 3298 omR.
826 3289 858 3298 -
881 3248 1044 3309 desideriiR.
1062 3289 1093 3298 ..
1110 3249 1238 3312 pciqnou-

118 3312 266 3372 monicia,R
284 3353 316 3363 ..
337 3313 478 3376 paerstitit,
491 3318 515 3365 d.
534 3356 565 3364 ..
589 3315 714 3375 decoctum,
726 3319 749 3366 d.
773 3314 867 3364 decoctu
880 3318 955 3377 0111.
978 3315 1110 3375 decoensra,
1127 3309 1188 3366 GV.
1205 3356 1237 3366 .-

120 3385 293 3442 assentiente,
305 3382 394 3431 Delec.
417 3383 482 3432 Mihi
499 3397 552 3431 vox
568 3382 700 3431 culumbae
711 3383 853 3433 adulterina
864 3384 974 3444 videtum
992 3383 1086 3432 centies
1097 3384 1168 3433 Plin.
1182 3399 1238 3446 par·

119 3446 182 3494 cussi
192 3461 209 3494 c
220 3456 333 3509 serpente,
351 3464 490 3512 numquam
502 3448 599 3498 cutm
611 3457 743 3512 acupentu
755 3466 871 3513 manua
882 3451 948 3500 dixit
959 3464 1049 3513 neque,
1065 3458 1140 3512 puto,
1157 3451 1238 3500 dicere

118 3512 211 3630 multi
222 3554 253 3562 -
264 3515 366 3579 suaque,
376 3511 457 3568 OVd.
466 3514 554 3581 fitque,
565 3517 597 3567 Β.
610 3557 641 3567 ..
656 3515 904 3580 paralytz'cca,RVd
918 3558 949 3566 -
968 3516 1237 3581 quanquam-uulso,

119 3596 170 3631 om.
212 3618 218 3631 .

152 3651 237 3710 §loa
260 3647 330 3710 inflat
342 3649 417 3711 bilem,
431 3653 455 3700 d.
478 3652 565 3715 irfiant
577 3651 651 3713 dilen,
664 3651 695 3700 Iu
717 3650 856 3713 inflabilem,
868 3653 900 3700 V.
919 3691 950 3700 ..
969 3667 1058 3711 russea
1070 3652 1105 3700 11.
1124 3690 1158 3701 -
1176 3649 1237 3700 iadi-

118 3714 334 3831 fftiopemssivd.
361 3716 533 3778 indicationem,
549 3719 652 3769 Barbar.
664 3713 714 3782 βγ.
734 3758 766 3768 -
792 3717 896 3767 sistimus
909 3723 948 3779 11,
961 3725 1003 3769 82.
1024 3723 1067 3778 21,
1081 3721 1124 3768 74.
1141 3757 1174 3769 ..
1196 3734 1236 3768 aa·

139 3787 174 3828 nn
190 3797 225 3841 us,
264 3819 270 3829 .

152 3850 236 3911 ς110.
259 3864 315 3910 qua,
328 3850 362 3900 V.
381 3889 411 3899 ..
435 3849 502 3897 debet
514 3850 623 3912 tractari,
635 3853 718 3903 BVd.
743 3848 990 3915 tractaridcbmr.
1010 3889 1041 3901 ..
1065 3849 1237 3914 mnam,

117 3916 172 3965 Vd.
192 3955 223 3963 -
238 3914 399 3977 praeclarum,
412 3918 436 3966 d.
455 3956 485 3966 -
505 3916 549 3974 ori,
561 3917 649 3967 Daleo.
668 3935 714 3979 ora,
726 3916 858 3984 Rvussy.
878 3961 908 3969 -
927 3917 1018 3979 ardori,
1029 3919 1120 3970 Dalec.
1142 3917 1235 3980 wdone,

117 3977 196 4045 Ββγ.
214 3980 320 4043 ardores,
331 3985 416 4035 VTd.
429 4023 460 4033 ..
470 3982 602 4046 stipidum,
614 3987 731 4036 Dioscor.
745 3993 769 4047 5,
783 3990 822 4037 17.
835 4027 865 4037 -
885 3994 971 4047 autem,
983 3987 1016 4036 Κ.
1030 4025 1062 4035 ..
1080 3985 1140 4035 dari
1149 3985 1233 4047 utilius,

116 4048 200 4098 RVd.
228 4048 308 4098 utilius
324 4049 388 4110 dari,
399 4045 450 4113 βγ.
473 4089 497 4097 -
523 4051 606 4111 υεηινί,
619 4054 642 4100 (1.
669 4056 799 4115 ventrali»
825 4062 933 4115 mnam,
946 4056 979 4104 V.
998 4093 1030 4103 -
1052 4052 1097 4102 boc
1109 4056 1234 4117 potmd.

117 4113 159 4164 boc
172 4124 237 4177 potu,
249 4117 311 4166 RV.
331 4156 361 4166 ..
382 4123 520 4179 praeparet,
532 4118 564 4167 R.
581 4156 610 4166 ..
630 4116 747 4181 dirarum,
760 4124 784 4171 d.
801 4161 832 4170 ..
851 4120 1014 4186 micropsycoa,
1026 4121 1059 4169 V.
1078 4121 1233 4184 nioecpsw,

117 4184 147 4232 lt
166 4198 295 4246 ernprycca,
307 4187 331 4232 d.
349 4182 539 4247 microepbyctor,
550 4186 582 4235 Κ.
932 4221 935 4229 -

150 4251 164 4311 §
180 4255 235 4298 lll.
253 4247 288 4296 Et
299 4257 334 4296 est
344 4249 415 4310 ratio,
426 4250 457 4300 R.
475 4258 501 4298 ut
511 4251 602 4311 stratio,
615 4252 668 4302 Vd.
686 4251 734 4300 Eat
745 4261 767 4301 et
777 4255 848 4314 ratic,
860 4250 888 4316 β.
903 4292 937 4304 ...
954 4254 1079 4303 immenasas
1090 4254 1232 4313 subtilitatis,
