<?xml version="1.0" encoding="UTF-8"?>
<!DOCTYPE html PUBLIC "-//W3C//DTD XHTML 1.0 Transitional//EN"
    "http://www.w3.org/TR/xhtml1/DTD/xhtml1-transitional.dtd">
<html xmlns="http://www.w3.org/1999/xhtml" xml:lang="en" lang="en">
 <head>
  <title>
</title>
<meta http-equiv="Content-Type" content="text/html;charset=utf-8" />
  <meta name='ocr-system' content='tesseract 3.04.00' />
  <meta name='ocr-capabilities' content='ocr_page ocr_carea ocr_par ocr_line ocrx_word'/>
</head>
<body>
  <div class='ocr_page' id='page_1' title='image "./cplinisecundina02grongoog_0027.png"; bbox 0 0 2754 4726; ppageno 0'>
   <div class='ocr_carea' id='block_1_1' title="bbox 137 309 901 373">
    <p class='ocr_par' dir='ltr' id='par_1_1' title="bbox 137 309 901 373">
     <span class='ocr_line' id='line_1_1' title="bbox 137 309 901 373; baseline -0.007 0"><span class='ocrx_word' id='word_1_1' title='bbox 137 309 177 373; x_wconf 88' lang='grc'>16</span> <span class='ocrx_word' id='word_1_2' title='bbox 484 322 686 371; x_wconf 77' lang='lat' dir='ltr'>urrunsms</span> <span class='ocrx_word' id='word_1_3' title='bbox 708 320 901 369; x_wconf 84' lang='lat' dir='ltr'>msrorusrs</span> 
     </span>
    </p>
   </div>
   <div class='ocr_carea' id='block_1_2' title="bbox 120 468 1299 3160">
    <p class='ocr_par' dir='ltr' id='par_1_2' title="bbox 122 468 1299 2748">
     <span class='ocr_line' id='line_1_2' title="bbox 135 468 1299 551; baseline 0.001 -11"><span class='ocrx_word' id='word_1_4' title='bbox 135 473 238 551; x_wconf 89' lang='lat' dir='ltr'>ulcus,</span> <span class='ocrx_word' id='word_1_5' title='bbox 258 474 334 538; x_wconf 90' lang='lat' dir='ltr'>item</span> <span class='ocrx_word' id='word_1_6' title='bbox 354 473 388 537; x_wconf 92' lang='lat' dir='ltr'>in</span> <span class='ocrx_word' id='word_1_7' title='bbox 409 471 512 538; x_wconf 85' lang='lat' dir='ltr'>taeda</span> <span class='ocrx_word' id='word_1_8' title='bbox 535 471 618 538; x_wconf 91' lang='lat' dir='ltr'>Cum</span> <span class='ocrx_word' id='word_1_9' title='bbox 639 472 674 539; x_wconf 91' lang='lat' dir='ltr'>id</span> <span class='ocrx_word' id='word_1_10' title='bbox 694 493 824 536; x_wconf 89' lang='lat' dir='ltr'>manare</span> <span class='ocrx_word' id='word_1_11' title='bbox 845 469 950 547; x_wconf 87' lang='lat' dir='ltr'>desiit,</span> <span class='ocrx_word' id='word_1_12' title='bbox 973 468 1068 536; x_wconf 77' lang='lat' dir='ltr'>simili</span> <span class='ocrx_word' id='word_1_13' title='bbox 1087 468 1184 535; x_wconf 92' lang='lat' dir='ltr'>modo</span> <span class='ocrx_word' id='word_1_14' title='bbox 1206 493 1252 536; x_wconf 85' lang='lat' dir='ltr'>ex</span> <span class='ocrx_word' id='word_1_15' title='bbox 1265 493 1299 541; x_wconf 71' lang='lat' dir='ltr'>ss</span> 
     </span>
     <span class='ocr_line' id='line_1_3' title="bbox 135 569 1249 660; baseline -0.004 -20"><span class='ocrx_word' id='word_1_16' title='bbox 135 574 198 640; x_wconf 86' lang='lat' dir='ltr'>alia</span> <span class='ocrx_word' id='word_1_17' title='bbox 218 585 308 660; x_wconf 86' lang='lat' dir='ltr'>parte</span> <span class='ocrx_word' id='word_1_18' title='bbox 329 573 469 659; x_wconf 90' lang='lat' dir='ltr'>aperitur</span> <span class='ocrx_word' id='word_1_19' title='bbox 489 594 527 639; x_wconf 90' lang='lat' dir='ltr'>ac</span> <span class='ocrx_word' id='word_1_20' title='bbox 549 572 663 638; x_wconf 88' lang='lat' dir='ltr'>deinde</span> <span class='ocrx_word' id='word_1_21' title='bbox 684 572 760 648; x_wconf 80' lang='lat' dir='ltr'>alia3</span> <span class='ocrx_word' id='word_1_22' title='bbox 782 583 894 658; x_wconf 87' lang='lat' dir='ltr'>postea</span> <span class='ocrx_word' id='word_1_23' title='bbox 915 581 981 635; x_wconf 86' lang='lat' dir='ltr'>tcta</span> <span class='ocrx_word' id='word_1_24' title='bbox 994 569 1089 636; x_wconf 90' lang='lat' dir='ltr'>arbor</span> <span class='ocrx_word' id='word_1_25' title='bbox 1103 570 1249 636; x_wconf 88' lang='lat' dir='ltr'>succidi-</span> 
     </span>
     <span class='ocr_line' id='line_1_4' title="bbox 135 669 1248 757; baseline -0.004 -16"><span class='ocrx_word' id='word_1_26' title='bbox 135 688 188 741; x_wconf 89' lang='lat' dir='ltr'>tur</span> <span class='ocrx_word' id='word_1_27' title='bbox 214 685 246 741; x_wconf 88' lang='lat' dir='ltr'>et</span> <span class='ocrx_word' id='word_1_28' title='bbox 271 672 410 740; x_wconf 78' lang='lat' dir='ltr'><strong>medulla</strong></span> <span class='ocrx_word' id='word_1_29' title='bbox 436 673 505 738; x_wconf 91' lang='lat' dir='ltr'>eius</span> <span class='ocrx_word' id='word_1_30' title='bbox 526 673 639 737; x_wconf 88' lang='lat' dir='ltr'>uritur.</span> <span class='ocrx_word' id='word_1_31' title='bbox 672 670 728 738; x_wconf 91' lang='lat' dir='ltr'>Sic</span> <span class='ocrx_word' id='word_1_32' title='bbox 754 683 786 738; x_wconf 93' lang='lat' dir='ltr'>et</span> <span class='ocrx_word' id='word_1_33' title='bbox 811 673 844 736; x_wconf 91' lang='lat' dir='ltr'>in</span> <span class='ocrx_word' id='word_1_34' title='bbox 867 669 963 757; x_wconf 86' lang='lat' dir='ltr'>Syria</span> <span class='ocrx_word' id='word_1_35' title='bbox 984 669 1164 736; x_wconf 83' lang='lat' dir='ltr'>terebintho</span> <span class='ocrx_word' id='word_1_36' title='bbox 1186 671 1248 737; x_wconf 92' lang='lat' dir='ltr'>de-</span> 
     </span>
     <span class='ocr_line' id='line_1_5' title="bbox 134 768 1250 855; baseline -0.003 -14"><span class='ocrx_word' id='word_1_37' title='bbox 134 773 262 841; x_wconf 87' lang='lat' dir='ltr'>trahunt</span> <span class='ocrx_word' id='word_1_38' title='bbox 284 772 430 851; x_wconf 90' lang='lat' dir='ltr'>cortices,</span> <span class='ocrx_word' id='word_1_39' title='bbox 458 772 504 838; x_wconf 92' lang='lat' dir='ltr'>ibi</span> <span class='ocrx_word' id='word_1_40' title='bbox 532 772 662 855; x_wconf 90' lang='lat' dir='ltr'>quidem</span> <span class='ocrx_word' id='word_1_41' title='bbox 688 782 720 837; x_wconf 88' lang='lat' dir='ltr'>et</span> <span class='ocrx_word' id='word_1_42' title='bbox 745 794 763 836; x_wconf 93' lang='lat' dir='ltr'>e</span> <span class='ocrx_word' id='word_1_43' title='bbox 790 771 887 836; x_wconf 85' lang='lat' dir='ltr'>ramis</span> <span class='ocrx_word' id='word_1_44' title='bbox 909 792 947 835; x_wconf 89' lang='lat' dir='ltr'>ac</span> <span class='ocrx_word' id='word_1_45' title='bbox 968 768 1142 850; x_wconf 78' lang='lat' dir='ltr'>radicibus,</span> <span class='ocrx_word' id='word_1_46' title='bbox 1171 793 1250 838; x_wconf 90' lang='lat' dir='ltr'>cum</span> 
     </span>
     <span class='ocr_line' id='line_1_6' title="bbox 133 869 1246 957; baseline -0.003 -17"><span class='ocrx_word' id='word_1_47' title='bbox 133 875 240 942; x_wconf 87' lang='lat' dir='ltr'>resina</span> <span class='ocrx_word' id='word_1_48' title='bbox 253 874 421 940; x_wconf 79' lang='lat' dir='ltr'><strong>damnetur</strong></span> <span class='ocrx_word' id='word_1_49' title='bbox 442 894 482 936; x_wconf 88' lang='lat' dir='ltr'>ex</span> <span class='ocrx_word' id='word_1_50' title='bbox 503 871 553 939; x_wconf 91' lang='lat' dir='ltr'>his</span> <span class='ocrx_word' id='word_1_51' title='bbox 574 871 731 957; x_wconf 86' lang='lat' dir='ltr'>partibus.</span> <span class='ocrx_word' id='word_1_52' title='bbox 753 870 792 936; x_wconf 93' lang='lat' dir='ltr'>In</span> <span class='ocrx_word' id='word_1_53' title='bbox 813 870 1005 936; x_wconf 87' lang='lat' dir='ltr'>Macedonia</span> <span class='ocrx_word' id='word_1_54' title='bbox 1024 869 1151 936; x_wconf 83' lang='lat' dir='ltr'>laricem</span> <span class='ocrx_word' id='word_1_55' title='bbox 1172 892 1246 937; x_wconf 85' lang='lat' dir='ltr'>ma·</span> 
     </span>
     <span class='ocr_line' id='line_1_7' title="bbox 133 968 1294 1057; baseline -0.006 -14"><span class='ocrx_word' id='word_1_56' title='bbox 133 976 255 1043; x_wconf 79' lang='lat' dir='ltr'>sculum</span> <span class='ocrx_word' id='word_1_57' title='bbox 275 984 383 1050; x_wconf 88' lang='lat' dir='ltr'>urunt,</span> <span class='ocrx_word' id='word_1_58' title='bbox 403 970 539 1037; x_wconf 79' lang='lat' dir='ltr'>feminae</span> <span class='ocrx_word' id='word_1_59' title='bbox 560 970 685 1036; x_wconf 88' lang='lat' dir='ltr'>radices</span> <span class='ocrx_word' id='word_1_60' title='bbox 706 981 840 1036; x_wconf 86' lang='lat' dir='ltr'>tantum.</span> <span class='ocrx_word' id='word_1_61' title='bbox 868 969 1093 1057; x_wconf 84' lang='lat' dir='ltr'>Tbeopompus</span> <span class='ocrx_word' id='word_1_62' title='bbox 1114 968 1247 1056; x_wconf 78' lang='lat' dir='ltr'>scripsit</span> <span class='ocrx_word' id='word_1_63' title='bbox 1261 992 1294 1038; x_wconf 84' lang='lat' dir='ltr'>sa</span> 
     </span>
     <span class='ocr_line' id='line_1_8' title="bbox 132 1069 1245 1161; baseline -0.003 -20"><span class='ocrx_word' id='word_1_64' title='bbox 132 1079 165 1141; x_wconf 92' lang='lat' dir='ltr'>in</span> <span class='ocrx_word' id='word_1_65' title='bbox 186 1072 462 1161; x_wconf 82' lang='lat' dir='ltr'>Apolloniatamm</span> <span class='ocrx_word' id='word_1_66' title='bbox 482 1092 562 1157; x_wconf 84' lang='lat' dir='ltr'>agro</span> <span class='ocrx_word' id='word_1_67' title='bbox 587 1070 691 1157; x_wconf 91' lang='lat' dir='ltr'>picem</span> <span class='ocrx_word' id='word_1_68' title='bbox 711 1070 853 1137; x_wconf 81' lang='lat' dir='ltr'>fossilem</span> <span class='ocrx_word' id='word_1_69' title='bbox 873 1093 936 1136; x_wconf 89' lang='lat' dir='ltr'>non</span> <span class='ocrx_word' id='word_1_70' title='bbox 956 1069 1145 1136; x_wconf 86' lang='lat' dir='ltr'>deteriorem</span> <span class='ocrx_word' id='word_1_71' title='bbox 1166 1069 1245 1138; x_wconf 86' lang='lat' dir='ltr'>Ma·</span> 
     </span>
     <span class='ocr_line' id='line_1_9' title="bbox 132 1170 1245 1260; baseline -0.002 -19"><span class='ocrx_word' id='word_1_72' title='bbox 132 1174 283 1241; x_wconf 86' lang='lat' dir='ltr'>oedouica</span> <span class='ocrx_word' id='word_1_73' title='bbox 308 1171 454 1238; x_wconf 82' lang='lat' dir='ltr'>inveniri.</span> <span class='ocrx_word' id='word_1_74' title='bbox 489 1170 552 1234; x_wconf 86' lang='lat' dir='ltr'>Pix</span> <span class='ocrx_word' id='word_1_75' title='bbox 578 1181 710 1260; x_wconf 75' lang='lat' dir='ltr'>optuma</span> <span class='ocrx_word' id='word_1_76' title='bbox 735 1171 855 1254; x_wconf 91' lang='lat' dir='ltr'>ubique</span> <span class='ocrx_word' id='word_1_77' title='bbox 882 1193 923 1237; x_wconf 88' lang='lat' dir='ltr'>ex</span> <span class='ocrx_word' id='word_1_78' title='bbox 944 1170 1062 1256; x_wconf 80' lang='lat' dir='ltr'>apricis</span> <span class='ocrx_word' id='word_1_79' title='bbox 1083 1170 1245 1255; x_wconf 90' lang='lat' dir='ltr'>aquilonis</span> 
     </span>
     <span class='ocr_line' id='line_1_10' title="bbox 132 1270 1243 1360; baseline -0.002 -19"><span class='ocrx_word' id='word_1_80' title='bbox 132 1275 210 1353; x_wconf 89' lang='lat' dir='ltr'>situ,</span> <span class='ocrx_word' id='word_1_81' title='bbox 241 1297 281 1339; x_wconf 87' lang='lat' dir='ltr'>ex</span> <span class='ocrx_word' id='word_1_82' title='bbox 301 1271 410 1360; x_wconf 82' lang='lat' dir='ltr'>opacis</span> <span class='ocrx_word' id='word_1_83' title='bbox 431 1270 589 1336; x_wconf 86' lang='lat' dir='ltr'>horridior</span> <span class='ocrx_word' id='word_1_84' title='bbox 609 1271 759 1356; x_wconf 77' lang='lat' dir='ltr'>vinisque</span> <span class='ocrx_word' id='word_1_85' title='bbox 779 1272 978 1357; x_wconf 85' lang='lat' dir='ltr'>praeferens,</span> <span class='ocrx_word' id='word_1_86' title='bbox 999 1270 1116 1357; x_wconf 85' lang='lat' dir='ltr'>frigida</span> <span class='ocrx_word' id='word_1_87' title='bbox 1137 1271 1243 1339; x_wconf 91' lang='lat' dir='ltr'>hieme</span> 
     </span>
     <span class='ocr_line' id='line_1_11' title="bbox 130 1368 1290 1458; baseline 0 -20"><span class='ocrx_word' id='word_1_88' title='bbox 130 1374 268 1441; x_wconf 84' lang='lat' dir='ltr'>deterior</span> <span class='ocrx_word' id='word_1_89' title='bbox 295 1395 333 1438; x_wconf 89' lang='lat' dir='ltr'>ac</span> <span class='ocrx_word' id='word_1_90' title='bbox 360 1371 465 1437; x_wconf 91' lang='lat' dir='ltr'>minus</span> <span class='ocrx_word' id='word_1_91' title='bbox 491 1372 621 1458; x_wconf 88' lang='lat' dir='ltr'>copiosa</span> <span class='ocrx_word' id='word_1_92' title='bbox 648 1382 680 1436; x_wconf 92' lang='lat' dir='ltr'>et</span> <span class='ocrx_word' id='word_1_93' title='bbox 705 1372 841 1438; x_wconf 92' lang='lat' dir='ltr'>decolor.</span> <span class='ocrx_word' id='word_1_94' title='bbox 877 1368 1018 1452; x_wconf 83' lang='lat' dir='ltr'>Quidam</span> <span class='ocrx_word' id='word_1_95' title='bbox 1043 1369 1243 1438; x_wconf 81' lang='lat' dir='ltr'>arbitrantur</span> <span class='ocrx_word' id='word_1_96' title='bbox 1256 1391 1290 1438; x_wconf 83' lang='lat' dir='ltr'>so</span> 
     </span>
     <span class='ocr_line' id='line_1_12' title="bbox 128 1472 1242 1561; baseline -0.004 -16"><span class='ocrx_word' id='word_1_97' title='bbox 128 1480 163 1545; x_wconf 91' lang='lat' dir='ltr'>in</span> <span class='ocrx_word' id='word_1_98' title='bbox 191 1474 365 1543; x_wconf 89' lang='lat' dir='ltr'>montuosis</span> <span class='ocrx_word' id='word_1_99' title='bbox 394 1473 486 1561; x_wconf 89' lang='lat' dir='ltr'>copia</span> <span class='ocrx_word' id='word_1_100' title='bbox 513 1473 776 1559; x_wconf 84' lang='lat' dir='ltr'>praestantiorem</span> <span class='ocrx_word' id='word_1_101' title='bbox 806 1493 844 1537; x_wconf 91' lang='lat' dir='ltr'>ac</span> <span class='ocrx_word' id='word_1_102' title='bbox 872 1472 977 1537; x_wconf 90' lang='lat' dir='ltr'>colore</span> <span class='ocrx_word' id='word_1_103' title='bbox 1004 1482 1037 1538; x_wconf 90' lang='lat' dir='ltr'>et</span> <span class='ocrx_word' id='word_1_104' title='bbox 1064 1473 1242 1540; x_wconf 90' lang='lat' dir='ltr'>dulciorem</span> 
     </span>
     <span class='ocr_line' id='line_1_13' title="bbox 127 1572 1240 1662; baseline -0.004 -17"><span class='ocrx_word' id='word_1_105' title='bbox 127 1577 212 1656; x_wconf 89' lang='lat' dir='ltr'>fieri,</span> <span class='ocrx_word' id='word_1_106' title='bbox 241 1577 369 1644; x_wconf 89' lang='lat' dir='ltr'>odorem</span> <span class='ocrx_word' id='word_1_107' title='bbox 396 1597 523 1659; x_wconf 90' lang='lat' dir='ltr'>quoque</span> <span class='ocrx_word' id='word_1_108' title='bbox 551 1574 724 1662; x_wconf 80' lang='lat' dir='ltr'>gratiorem</span> <span class='ocrx_word' id='word_1_109' title='bbox 751 1573 829 1637; x_wconf 89' lang='lat' dir='ltr'>dum</span> <span class='ocrx_word' id='word_1_110' title='bbox 852 1572 960 1638; x_wconf 88' lang='lat' dir='ltr'>resina</span> <span class='ocrx_word' id='word_1_111' title='bbox 986 1572 1042 1651; x_wconf 90' lang='lat' dir='ltr'>sit,</span> <span class='ocrx_word' id='word_1_112' title='bbox 1075 1573 1240 1641; x_wconf 88' lang='lat' dir='ltr'>decoctam</span> 
     </span>
     <span class='ocr_line' id='line_1_14' title="bbox 127 1672 1239 1760; baseline -0.004 -14"><span class='ocrx_word' id='word_1_113' title='bbox 127 1691 234 1746; x_wconf 86' lang='lat' dir='ltr'>autem</span> <span class='ocrx_word' id='word_1_114' title='bbox 256 1676 362 1741; x_wconf 91' lang='lat' dir='ltr'>minus</span> <span class='ocrx_word' id='word_1_115' title='bbox 382 1675 465 1760; x_wconf 87' lang='lat' dir='ltr'>picis</span> <span class='ocrx_word' id='word_1_116' title='bbox 486 1674 630 1752; x_wconf 91' lang='lat' dir='ltr'>reddere,</span> <span class='ocrx_word' id='word_1_117' title='bbox 653 1672 803 1757; x_wconf 90' lang='lat' dir='ltr'>quoniam</span> <span class='ocrx_word' id='word_1_118' title='bbox 816 1674 850 1738; x_wconf 91' lang='lat' dir='ltr'>in</span> <span class='ocrx_word' id='word_1_119' title='bbox 865 1694 970 1738; x_wconf 87' lang='lat' dir='ltr'>serum</span> <span class='ocrx_word' id='word_1_120' title='bbox 985 1673 1089 1752; x_wconf 88' lang='lat' dir='ltr'>abeat,</span> <span class='ocrx_word' id='word_1_121' title='bbox 1111 1676 1239 1742; x_wconf 89' lang='lat' dir='ltr'>tenuio-</span> 
     </span>
     <span class='ocr_line' id='line_1_15' title="bbox 126 1772 1240 1864; baseline -0.003 -19"><span class='ocrx_word' id='word_1_122' title='bbox 126 1800 240 1864; x_wconf 84' lang='lat' dir='ltr'>resque</span> <span class='ocrx_word' id='word_1_123' title='bbox 267 1797 338 1842; x_wconf 88' lang='lat' dir='ltr'>csse</span> <span class='ocrx_word' id='word_1_124' title='bbox 364 1775 452 1860; x_wconf 91' lang='lat' dir='ltr'>ipsas</span> <span class='ocrx_word' id='word_1_125' title='bbox 478 1773 607 1840; x_wconf 90' lang='lat' dir='ltr'>arbores</span> <span class='ocrx_word' id='word_1_126' title='bbox 632 1796 729 1858; x_wconf 88' lang='lat' dir='ltr'>quam</span> <span class='ocrx_word' id='word_1_127' title='bbox 755 1772 789 1837; x_wconf 93' lang='lat' dir='ltr'>in</span> <span class='ocrx_word' id='word_1_128' title='bbox 810 1774 929 1859; x_wconf 82' lang='lat' dir='ltr'>planis,</span> <span class='ocrx_word' id='word_1_129' title='bbox 959 1772 1016 1838; x_wconf 90' lang='lat' dir='ltr'>sed</span> <span class='ocrx_word' id='word_1_130' title='bbox 1035 1773 1095 1838; x_wconf 89' lang='lat' dir='ltr'>has</span> <span class='ocrx_word' id='word_1_131' title='bbox 1115 1784 1147 1838; x_wconf 88' lang='lat' dir='ltr'>ct</span> <span class='ocrx_word' id='word_1_132' title='bbox 1166 1775 1240 1842; x_wconf 83' lang='lat' dir='ltr'>illae</span> 
     </span>
     <span class='ocr_line' id='line_1_16' title="bbox 126 1872 1239 1959; baseline -0.005 -13"><span class='ocrx_word' id='word_1_133' title='bbox 126 1877 296 1946; x_wconf 83' lang='lat' dir='ltr'>serenitate</span> <span class='ocrx_word' id='word_1_134' title='bbox 323 1874 503 1941; x_wconf 89' lang='lat' dir='ltr'>steriliores.</span> <span class='ocrx_word' id='word_1_135' title='bbox 538 1872 695 1939; x_wconf 87' lang='lat' dir='ltr'>Fructum</span> <span class='ocrx_word' id='word_1_136' title='bbox 720 1874 878 1957; x_wconf 87' lang='lat' dir='ltr'>quaedam</span> <span class='ocrx_word' id='word_1_137' title='bbox 905 1886 1061 1959; x_wconf 85' lang='lat' dir='ltr'>proxumo</span> <span class='ocrx_word' id='word_1_138' title='bbox 1086 1896 1168 1941; x_wconf 92' lang='lat' dir='ltr'>anno</span> <span class='ocrx_word' id='word_1_139' title='bbox 1195 1874 1239 1940; x_wconf 92' lang='lat' dir='ltr'>ab</span> 
     </span>
     <span class='ocr_line' id='line_1_17' title="bbox 126 1974 1239 2064; baseline -0.005 -18"><span class='ocrx_word' id='word_1_140' title='bbox 126 1979 230 2046; x_wconf 91' lang='lat' dir='ltr'>incisu</span> <span class='ocrx_word' id='word_1_141' title='bbox 250 1975 447 2064; x_wconf 83' lang='lat' dir='ltr'>largiuntur,</span> <span class='ocrx_word' id='word_1_142' title='bbox 477 1974 557 2041; x_wconf 84' lang='lat' dir='ltr'>aliae</span> <span class='ocrx_word' id='word_1_143' title='bbox 580 1975 736 2052; x_wconf 89' lang='lat' dir='ltr'>secundo,</span> <span class='ocrx_word' id='word_1_144' title='bbox 765 1974 923 2058; x_wconf 87' lang='lat' dir='ltr'>quasdam</span> <span class='ocrx_word' id='word_1_145' title='bbox 943 1974 1054 2050; x_wconf 91' lang='lat' dir='ltr'>tertio;</span> <span class='ocrx_word' id='word_1_146' title='bbox 1091 1975 1239 2061; x_wconf 84' lang='lat' dir='ltr'>expletur</span> 
     </span>
     <span class='ocr_line' id='line_1_18' title="bbox 125 2073 1237 2163; baseline -0.002 -19"><span class='ocrx_word' id='word_1_147' title='bbox 125 2091 232 2145; x_wconf 90' lang='lat' dir='ltr'>autem</span> <span class='ocrx_word' id='word_1_148' title='bbox 257 2076 352 2163; x_wconf 83' lang='lat' dir='ltr'>plaga</span> <span class='ocrx_word' id='word_1_149' title='bbox 377 2075 499 2152; x_wconf 90' lang='lat' dir='ltr'>resina,</span> <span class='ocrx_word' id='word_1_150' title='bbox 528 2097 592 2140; x_wconf 91' lang='lat' dir='ltr'>non</span> <span class='ocrx_word' id='word_1_151' title='bbox 619 2075 736 2139; x_wconf 90' lang='lat' dir='ltr'>cortice</span> <span class='ocrx_word' id='word_1_152' title='bbox 765 2096 824 2139; x_wconf 92' lang='lat' dir='ltr'>nec</span> <span class='ocrx_word' id='word_1_153' title='bbox 850 2073 999 2139; x_wconf 87' lang='lat' dir='ltr'>cicatrice</span> <span class='ocrx_word' id='word_1_154' title='bbox 1018 2095 1100 2157; x_wconf 89' lang='lat' dir='ltr'>quae</span> <span class='ocrx_word' id='word_1_155' title='bbox 1120 2074 1154 2139; x_wconf 88' lang='lat' dir='ltr'>iu</span> <span class='ocrx_word' id='word_1_156' title='bbox 1175 2075 1237 2142; x_wconf 83' lang='lat' dir='ltr'>hac</span> 
     </span>
     <span class='ocr_line' id='line_1_19' title="bbox 124 2172 1283 2260; baseline -0.005 -17"><span class='ocrx_word' id='word_1_157' title='bbox 124 2178 238 2243; x_wconf 90' lang='lat' dir='ltr'>arbore</span> <span class='ocrx_word' id='word_1_158' title='bbox 258 2197 322 2240; x_wconf 92' lang='lat' dir='ltr'>non</span> <span class='ocrx_word' id='word_1_159' title='bbox 345 2174 417 2240; x_wconf 91' lang='lat' dir='ltr'>coit.</span> <span class='ocrx_word' id='word_1_160' title='bbox 446 2173 535 2238; x_wconf 90' lang='lat' dir='ltr'>Inter</span> <span class='ocrx_word' id='word_1_161' title='bbox 555 2172 634 2240; x_wconf 90' lang='lat' dir='ltr'>haec</span> <span class='ocrx_word' id='word_1_162' title='bbox 654 2194 773 2258; x_wconf 83' lang='lat' dir='ltr'>genera</span> <span class='ocrx_word' id='word_1_163' title='bbox 793 2174 956 2260; x_wconf 91' lang='lat' dir='ltr'>propriam</span> <span class='ocrx_word' id='word_1_164' title='bbox 977 2174 1107 2257; x_wconf 87' lang='lat' dir='ltr'>quidam</span> <span class='ocrx_word' id='word_1_165' title='bbox 1128 2174 1236 2242; x_wconf 81' lang='lat' dir='ltr'>iecere</span> <span class='ocrx_word' id='word_1_166' title='bbox 1251 2190 1283 2237; x_wconf 86' lang='lat' dir='ltr'>or</span> 
     </span>
     <span class='ocr_line' id='line_1_20' title="bbox 126 2272 1237 2365; baseline -0.003 -22"><span class='ocrx_word' id='word_1_167' title='bbox 126 2276 282 2365; x_wconf 90' lang='lat' dir='ltr'>sappium,</span> <span class='ocrx_word' id='word_1_168' title='bbox 303 2273 453 2358; x_wconf 91' lang='lat' dir='ltr'>quoniam</span> <span class='ocrx_word' id='word_1_169' title='bbox 474 2295 515 2339; x_wconf 86' lang='lat' dir='ltr'>cx</span> <span class='ocrx_word' id='word_1_170' title='bbox 536 2273 723 2360; x_wconf 83' lang='lat' dir='ltr'>cognatione</span> <span class='ocrx_word' id='word_1_171' title='bbox 743 2272 855 2337; x_wconf 85' lang='lat' dir='ltr'>harum</span> <span class='ocrx_word' id='word_1_172' title='bbox 876 2273 1003 2354; x_wconf 89' lang='lat' dir='ltr'>seritur,</span> <span class='ocrx_word' id='word_1_173' title='bbox 1026 2273 1128 2357; x_wconf 86' lang='lat' dir='ltr'>qualis</span> <span class='ocrx_word' id='word_1_174' title='bbox 1147 2273 1237 2340; x_wconf 88' lang='lat' dir='ltr'>dicta</span> 
     </span>
     <span class='ocr_line' id='line_1_21' title="bbox 125 2372 1234 2459; baseline -0.005 -14"><span class='ocrx_word' id='word_1_175' title='bbox 125 2388 174 2445; x_wconf 90' lang='lat' dir='ltr'>est</span> <span class='ocrx_word' id='word_1_176' title='bbox 193 2377 227 2442; x_wconf 92' lang='lat' dir='ltr'>in</span> <span class='ocrx_word' id='word_1_177' title='bbox 247 2374 380 2453; x_wconf 87' lang='lat' dir='ltr'>nucleis,</span> <span class='ocrx_word' id='word_1_178' title='bbox 403 2373 607 2457; x_wconf 90' lang='lat' dir='ltr'>eiusdemque</span> <span class='ocrx_word' id='word_1_179' title='bbox 628 2372 753 2438; x_wconf 90' lang='lat' dir='ltr'>arboris</span> <span class='ocrx_word' id='word_1_180' title='bbox 766 2372 847 2437; x_wconf 88' lang='lat' dir='ltr'>imas</span> <span class='ocrx_word' id='word_1_181' title='bbox 861 2373 962 2459; x_wconf 88' lang='lat' dir='ltr'>partis</span> <span class='ocrx_word' id='word_1_182' title='bbox 977 2375 1088 2439; x_wconf 89' lang='lat' dir='ltr'>taedas</span> <span class='ocrx_word' id='word_1_183' title='bbox 1107 2385 1234 2455; x_wconf 83' lang='lat' dir='ltr'>vocant,</span> 
     </span>
     <span class='ocr_line' id='line_1_22' title="bbox 125 2471 1235 2560; baseline -0.005 -13"><span class='ocrx_word' id='word_1_184' title='bbox 125 2501 198 2547; x_wconf 86' lang='lat' dir='ltr'>oum</span> <span class='ocrx_word' id='word_1_185' title='bbox 219 2477 261 2542; x_wconf 90' lang='lat' dir='ltr'>sit</span> <span class='ocrx_word' id='word_1_186' title='bbox 281 2475 335 2541; x_wconf 87' lang='lat' dir='ltr'>illa</span> <span class='ocrx_word' id='word_1_187' title='bbox 355 2473 450 2540; x_wconf 90' lang='lat' dir='ltr'>arbor</span> <span class='ocrx_word' id='word_1_188' title='bbox 470 2473 516 2537; x_wconf 94' lang='lat' dir='ltr'>nil</span> <span class='ocrx_word' id='word_1_189' title='bbox 536 2473 623 2538; x_wconf 85' lang='lat' dir='ltr'>aliud</span> <span class='ocrx_word' id='word_1_190' title='bbox 643 2494 739 2556; x_wconf 87' lang='lat' dir='ltr'>quam</span> <span class='ocrx_word' id='word_1_191' title='bbox 759 2471 851 2557; x_wconf 87' lang='lat' dir='ltr'>picea</span> <span class='ocrx_word' id='word_1_192' title='bbox 870 2472 1003 2538; x_wconf 86' lang='lat' dir='ltr'>feritatis</span> <span class='ocrx_word' id='word_1_193' title='bbox 1023 2475 1155 2560; x_wconf 90' lang='lat' dir='ltr'>paulum</span> <span class='ocrx_word' id='word_1_194' title='bbox 1174 2476 1235 2542; x_wconf 91' lang='lat' dir='ltr'>mi·</span> 
     </span>
     <span class='ocr_line' id='line_1_23' title="bbox 123 2572 1263 2668; baseline -0.004 -23"><span class='ocrx_word' id='word_1_195' title='bbox 123 2581 242 2668; x_wconf 80' lang='lat' dir='ltr'>tigatae</span> <span class='ocrx_word' id='word_1_196' title='bbox 264 2587 351 2652; x_wconf 91' lang='lat' dir='ltr'>satu;</span> <span class='ocrx_word' id='word_1_197' title='bbox 381 2574 507 2660; x_wconf 90' lang='lat' dir='ltr'>sappini</span> <span class='ocrx_word' id='word_1_198' title='bbox 528 2585 635 2640; x_wconf 86' lang='lat' dir='ltr'>autem</span> <span class='ocrx_word' id='word_1_199' title='bbox 655 2572 803 2640; x_wconf 86' lang='lat' dir='ltr'>materies</span> <span class='ocrx_word' id='word_1_200' title='bbox 824 2595 988 2639; x_wconf 89' lang='lat' dir='ltr'>caesarum</span> <span class='ocrx_word' id='word_1_201' title='bbox 1011 2597 1164 2663; x_wconf 80' lang='lat' dir='ltr'>egerere</span> <span class='ocrx_word' id='word_1_202' title='bbox 1185 2577 1232 2656; x_wconf 89' lang='lat' dir='ltr'>fit,</span> <span class='ocrx_word' id='word_1_203' title='bbox 1260 2600 1263 2604; x_wconf 93' lang='lat'>·</span> 
     </span>
     <span class='ocr_line' id='line_1_24' title="bbox 122 2675 426 2748; baseline -0.023 -1"><span class='ocrx_word' id='word_1_204' title='bbox 122 2681 213 2748; x_wconf 89' lang='lat' dir='ltr'>sicuti</span> <span class='ocrx_word' id='word_1_205' title='bbox 235 2675 426 2745; x_wconf 88' lang='lat' dir='ltr'>docebimus.</span> 
     </span>
    </p>

    <p class='ocr_par' dir='ltr' id='par_1_3' title="bbox 120 2773 1280 3160">
     <span class='ocr_line' id='line_1_25' title="bbox 164 2773 1280 2859; baseline -0.006 -14"><span class='ocrx_word' id='word_1_206' title='bbox 164 2777 265 2845; x_wconf 89' lang='lat' dir='ltr'>XIII.</span> <span class='ocrx_word' id='word_1_207' title='bbox 291 2777 342 2841; x_wconf 81' lang='lat'>24.</span> <span class='ocrx_word' id='word_1_208' title='bbox 381 2773 541 2842; x_wconf 88' lang='lat' dir='ltr'>Materiae</span> <span class='ocrx_word' id='word_1_209' title='bbox 566 2776 652 2841; x_wconf 89' lang='lat' dir='ltr'>enim</span> <span class='ocrx_word' id='word_1_210' title='bbox 680 2797 776 2840; x_wconf 88' lang='lat' dir='ltr'>causa</span> <span class='ocrx_word' id='word_1_211' title='bbox 801 2774 940 2859; x_wconf 86' lang='lat' dir='ltr'>reliquas</span> <span class='ocrx_word' id='word_1_212' title='bbox 966 2776 1096 2841; x_wconf 87' lang='lat' dir='ltr'>arbores</span> <span class='ocrx_word' id='word_1_213' title='bbox 1117 2787 1233 2843; x_wconf 88' lang='lat' dir='ltr'>natura</span> <span class='ocrx_word' id='word_1_214' title='bbox 1247 2796 1280 2840; x_wconf 81' lang='lat' dir='ltr'>sa</span> 
     </span>
     <span class='ocr_line' id='line_1_26' title="bbox 121 2874 1232 2967; baseline -0.001 -22"><span class='ocrx_word' id='word_1_215' title='bbox 121 2879 234 2967; x_wconf 80' lang='lat' dir='ltr'>genuit</span> <span class='ocrx_word' id='word_1_216' title='bbox 259 2875 572 2964; x_wconf 89' lang='lat' dir='ltr'>copiosissimamque</span> <span class='ocrx_word' id='word_1_217' title='bbox 598 2875 767 2940; x_wconf 85' lang='lat' dir='ltr'>fiaxinum.</span> <span class='ocrx_word' id='word_1_218' title='bbox 803 2874 941 2941; x_wconf 90' lang='lat' dir='ltr'>Procera</span> <span class='ocrx_word' id='word_1_219' title='bbox 966 2876 1044 2940; x_wconf 83' lang='lat' dir='ltr'>haec</span> <span class='ocrx_word' id='word_1_220' title='bbox 1069 2897 1107 2940; x_wconf 90' lang='lat' dir='ltr'>ac</span> <span class='ocrx_word' id='word_1_221' title='bbox 1134 2887 1232 2958; x_wconf 90' lang='lat' dir='ltr'>teres,</span> 
     </span>
     <span class='ocr_line' id='line_1_27' title="bbox 121 2973 1232 3066; baseline 0.002 -24"><span class='ocrx_word' id='word_1_222' title='bbox 121 2979 252 3066; x_wconf 80' lang='lat' dir='ltr'>pinnata</span> <span class='ocrx_word' id='word_1_223' title='bbox 272 2989 305 3044; x_wconf 90' lang='lat' dir='ltr'>ct</span> <span class='ocrx_word' id='word_1_224' title='bbox 324 2977 395 3064; x_wconf 91' lang='lat' dir='ltr'>ipsa</span> <span class='ocrx_word' id='word_1_225' title='bbox 415 2977 489 3042; x_wconf 87' lang='lat' dir='ltr'>folio</span> <span class='ocrx_word' id='word_1_226' title='bbox 506 2977 703 3059; x_wconf 89' lang='lat' dir='ltr'>multumque</span> <span class='ocrx_word' id='word_1_227' title='bbox 718 2974 852 3040; x_wconf 91' lang='lat' dir='ltr'>Homeri</span> <span class='ocrx_word' id='word_1_228' title='bbox 866 2976 1035 3062; x_wconf 90' lang='lat' dir='ltr'>praeconio</span> <span class='ocrx_word' id='word_1_229' title='bbox 1049 2985 1080 3040; x_wconf 89' lang='lat' dir='ltr'>et</span> <span class='ocrx_word' id='word_1_230' title='bbox 1094 2973 1232 3044; x_wconf 88' lang='lat' dir='ltr'>Achillis</span> 
     </span>
     <span class='ocr_line' id='line_1_28' title="bbox 120 3073 1232 3160; baseline 0.001 -19"><span class='ocrx_word' id='word_1_231' title='bbox 120 3078 211 3143; x_wconf 85' lang='lat' dir='ltr'>hasta</span> <span class='ocrx_word' id='word_1_232' title='bbox 233 3077 413 3152; x_wconf 84' lang='lat' dir='ltr'>nobilitata3</span> <span class='ocrx_word' id='word_1_233' title='bbox 439 3075 587 3141; x_wconf 85' lang='lat' dir='ltr'>materies</span> <span class='ocrx_word' id='word_1_234' title='bbox 608 3085 657 3139; x_wconf 88' lang='lat' dir='ltr'>est</span> <span class='ocrx_word' id='word_1_235' title='bbox 678 3073 719 3138; x_wconf 91' lang='lat' dir='ltr'>ad</span> <span class='ocrx_word' id='word_1_236' title='bbox 740 3074 887 3160; x_wconf 91' lang='lat' dir='ltr'>pluruma</span> <span class='ocrx_word' id='word_1_237' title='bbox 907 3075 1005 3141; x_wconf 88' lang='lat' dir='ltr'>utilis.</span> <span class='ocrx_word' id='word_1_238' title='bbox 1034 3075 1085 3142; x_wconf 88' lang='lat' dir='ltr'>Ea</span> <span class='ocrx_word' id='word_1_239' title='bbox 1099 3076 1232 3160; x_wconf 90' lang='lat' dir='ltr'>quidem</span> 
     </span>
    </p>
   </div>
   <div class='ocr_carea' id='block_1_3' title="bbox 84 3212 1247 4352">
    <p class='ocr_par' dir='ltr' id='par_1_4' title="bbox 155 3212 1027 3279">
     <span class='ocr_line' id='line_1_29' title="bbox 155 3212 1027 3279; baseline 0 -15"><span class='ocrx_word' id='word_1_240' title='bbox 155 3218 169 3279; x_wconf 67' lang='grc' dir='ltr'><strong>ξ</strong></span> <span class='ocrx_word' id='word_1_241' title='bbox 183 3219 222 3264; x_wconf 82' lang='grc'><strong>69.</strong></span> <span class='ocrx_word' id='word_1_242' title='bbox 246 3221 269 3261; x_wconf 86' lang='lat' dir='ltr'>et</span> <span class='ocrx_word' id='word_1_243' title='bbox 279 3212 404 3276; x_wconf 78' lang='lat' dir='ltr'>aquilonis,</span> <span class='ocrx_word' id='word_1_244' title='bbox 420 3215 508 3264; x_wconf 87' lang='lat' dir='ltr'>Dalec.</span> <span class='ocrx_word' id='word_1_245' title='bbox 526 3214 643 3265; x_wconf 82' lang='lat' dir='ltr'>Ceterum</span> <span class='ocrx_word' id='word_1_246' title='bbox 657 3228 681 3264; x_wconf 85' lang='lat' dir='ltr'>v.</span> <span class='ocrx_word' id='word_1_247' title='bbox 697 3215 830 3277; x_wconf 86' lang='lat' dir='ltr'>Theophr.</span> <span class='ocrx_word' id='word_1_248' title='bbox 847 3216 894 3264; x_wconf 91' lang='grc'><strong>1.1.</strong></span> <span class='ocrx_word' id='word_1_249' title='bbox 907 3215 954 3265; x_wconf 86' lang='lat' dir='ltr'>IX.</span> <span class='ocrx_word' id='word_1_250' title='bbox 967 3220 1027 3275; x_wconf 62' lang='lat' dir='ltr'>aa.</span> 
     </span>
    </p>

    <p class='ocr_par' dir='ltr' id='par_1_5' title="bbox 116 3273 1247 3544">
     <span class='ocr_line' id='line_1_30' title="bbox 154 3273 1230 3345; baseline 0.004 -15"><span class='ocrx_word' id='word_1_251' title='bbox 154 3284 222 3345; x_wconf 66' lang='grc'><strong>560.</strong></span> <span class='ocrx_word' id='word_1_252' title='bbox 244 3279 376 3341; x_wconf 80' lang='lat' dir='ltr'>montuosis,</span> <span class='ocrx_word' id='word_1_253' title='bbox 395 3273 467 3330; x_wconf 77' lang='lat' dir='ltr'>Oad.</span> <span class='ocrx_word' id='word_1_254' title='bbox 493 3276 649 3342; x_wconf 68' lang='lat' dir='ltr'>montosiass.</span> <span class='ocrx_word' id='word_1_255' title='bbox 667 3322 699 3330; x_wconf 88' lang='lat'>..</span> <span class='ocrx_word' id='word_1_256' title='bbox 722 3279 841 3342; x_wconf 84' lang='lat' dir='ltr'>cobre,d.</span> <span class='ocrx_word' id='word_1_257' title='bbox 866 3280 1007 3342; x_wconf 61' lang='lat' dir='ltr'>colorans.</span> <span class='ocrx_word' id='word_1_258' title='bbox 1030 3281 1198 3345; x_wconf 82' lang='lat' dir='ltr'>ccbrotiorem,</span> <span class='ocrx_word' id='word_1_259' title='bbox 1210 3300 1230 3334; x_wconf 88' lang='lat' dir='ltr'>r.</span> 
     </span>
     <span class='ocr_line' id='line_1_31' title="bbox 122 3344 1231 3413; baseline 0 -15"><span class='ocrx_word' id='word_1_260' title='bbox 122 3388 152 3398; x_wconf 88' lang='lat'><em>-</em></span> <span class='ocrx_word' id='word_1_261' title='bbox 166 3345 293 3398; x_wconf 83' lang='lat' dir='ltr'>odorem..</span> <span class='ocrx_word' id='word_1_262' title='bbox 299 3346 434 3412; x_wconf 68' lang='lat' dir='ltr'>products,</span> <span class='ocrx_word' id='word_1_263' title='bbox 447 3349 490 3396; x_wconf 83' lang='lat' dir='ltr'>ud.</span> <span class='ocrx_word' id='word_1_264' title='bbox 508 3344 614 3395; x_wconf 85' lang='lat' dir='ltr'>odore-</span> <span class='ocrx_word' id='word_1_265' title='bbox 621 3346 757 3410; x_wconf 76' lang='lat' dir='ltr'>qraticrem,</span> <span class='ocrx_word' id='word_1_266' title='bbox 765 3349 796 3398; x_wconf 86' lang='lat' dir='ltr'>T.</span> <span class='ocrx_word' id='word_1_267' title='bbox 814 3346 920 3397; x_wconf 81' lang='lat' dir='ltr'>odore-</span> <span class='ocrx_word' id='word_1_268' title='bbox 926 3348 1038 3413; x_wconf 71' lang='lat' dir='ltr'>pretim,</span> <span class='ocrx_word' id='word_1_269' title='bbox 1047 3350 1134 3400; x_wconf 87' lang='lat' dir='ltr'>Dalec.</span> <span class='ocrx_word' id='word_1_270' title='bbox 1146 3390 1178 3400; x_wconf 88' lang='grc'><strong>..</strong></span> <span class='ocrx_word' id='word_1_271' title='bbox 1190 3350 1231 3411; x_wconf 82' lang='lat' dir='ltr'>ait,</span> 
     </span>
     <span class='ocr_line' id='line_1_32' title="bbox 121 3412 1247 3477; baseline -0.001 -10"><span class='ocrx_word' id='word_1_272' title='bbox 121 3416 172 3467; x_wconf 81' lang='lat' dir='ltr'>Td.</span> <span class='ocrx_word' id='word_1_273' title='bbox 182 3413 224 3477; x_wconf 80' lang='lat' dir='ltr'>fit,</span> <span class='ocrx_word' id='word_1_274' title='bbox 236 3428 275 3464; x_wconf 88' lang='lat' dir='ltr'>ar.</span> <span class='ocrx_word' id='word_1_275' title='bbox 289 3454 320 3465; x_wconf 74' lang='grc'><strong>-</strong></span> <span class='ocrx_word' id='word_1_276' title='bbox 338 3412 454 3462; x_wconf 66' lang='lat' dir='ltr'>demtum</span> <span class='ocrx_word' id='word_1_277' title='bbox 465 3415 519 3474; x_wconf 71' lang='lat' dir='ltr'>rel,</span> <span class='ocrx_word' id='word_1_278' title='bbox 531 3414 660 3476; x_wconf 86' lang='lat' dir='ltr'>Theophr.</span> <span class='ocrx_word' id='word_1_279' title='bbox 672 3414 690 3463; x_wconf 87' lang='lat'>1.</span> <span class='ocrx_word' id='word_1_280' title='bbox 702 3415 720 3462; x_wconf 90' lang='lat' dir='ltr'>l.</span> <span class='ocrx_word' id='word_1_281' title='bbox 731 3413 782 3464; x_wconf 91' lang='lat'>111.</span> <span class='ocrx_word' id='word_1_282' title='bbox 794 3420 818 3475; x_wconf 77' lang='lat'>9,</span> <span class='ocrx_word' id='word_1_283' title='bbox 833 3420 854 3464; x_wconf 95' lang='grc'><strong>1.</strong></span> <span class='ocrx_word' id='word_1_284' title='bbox 868 3456 899 3464; x_wconf 91' lang='lat'>..</span> <span class='ocrx_word' id='word_1_285' title='bbox 910 3431 987 3464; x_wconf 82' lang='lat' dir='ltr'>seram</span> <span class='ocrx_word' id='word_1_286' title='bbox 998 3416 1077 3475; x_wconf 82' lang='lat' dir='ltr'>abeat,</span> <span class='ocrx_word' id='word_1_287' title='bbox 1088 3417 1191 3466; x_wconf 88' lang='lat' dir='ltr'>Barbar.</span> <span class='ocrx_word' id='word_1_288' title='bbox 1206 3419 1231 3467; x_wconf 91' lang='lat' dir='ltr'>d.</span> <span class='ocrx_word' id='word_1_289' title='bbox 1245 3470 1247 3476; x_wconf 61' lang='grc'>,</span> 
     </span>
     <span class='ocr_line' id='line_1_33' title="bbox 116 3479 1195 3544; baseline 0 -13"><span class='ocrx_word' id='word_1_290' title='bbox 116 3481 195 3544; x_wconf 81' lang='lat' dir='ltr'>ferum</span> <span class='ocrx_word' id='word_1_291' title='bbox 207 3479 299 3541; x_wconf 71' lang='lat' dir='ltr'>bobert,</span> <span class='ocrx_word' id='word_1_292' title='bbox 312 3495 334 3530; x_wconf 84' lang='lat' dir='ltr'>a.</span> <span class='ocrx_word' id='word_1_293' title='bbox 353 3521 384 3530; x_wconf 85' lang='lat'>-</span> <span class='ocrx_word' id='word_1_294' title='bbox 401 3479 483 3541; x_wconf 67' lang='lat' dir='ltr'>incuss,</span> <span class='ocrx_word' id='word_1_295' title='bbox 496 3484 532 3530; x_wconf 80' lang='lat' dir='ltr'>a².</span> <span class='ocrx_word' id='word_1_296' title='bbox 548 3479 629 3539; x_wconf 81' lang='lat' dir='ltr'>inciso,</span> <span class='ocrx_word' id='word_1_297' title='bbox 640 3482 676 3528; x_wconf 71' lang='lat' dir='ltr'>al</span> <span class='ocrx_word' id='word_1_298' title='bbox 694 3479 802 3541; x_wconf 75' lang='lat' dir='ltr'>iactaris,</span> <span class='ocrx_word' id='word_1_299' title='bbox 814 3482 846 3531; x_wconf 79' lang='grc' dir='ltr'><strong>Τ.</strong></span> <span class='ocrx_word' id='word_1_300' title='bbox 863 3481 974 3540; x_wconf 71' lang='grc' dir='ltr'>ἰποίευνα,</span> <span class='ocrx_word' id='word_1_301' title='bbox 987 3484 1011 3532; x_wconf 86' lang='lat' dir='ltr'>d.</span> <span class='ocrx_word' id='word_1_302' title='bbox 1031 3524 1062 3532; x_wconf 78' lang='grc'>-</span> <span class='ocrx_word' id='word_1_303' title='bbox 1080 3481 1139 3543; x_wconf 72' lang='lat' dir='ltr'>atu,</span> <span class='ocrx_word' id='word_1_304' title='bbox 1151 3485 1195 3532; x_wconf 86' lang='lat' dir='ltr'>ad.</span> 
     </span>
    </p>

    <p class='ocr_par' dir='ltr' id='par_1_6' title="bbox 84 3545 1230 4352">
     <span class='ocr_line' id='line_1_34' title="bbox 154 3545 1230 3613; baseline -0.001 -13"><span class='ocrx_word' id='word_1_305' title='bbox 154 3547 169 3610; x_wconf 70' lang='lat'>5</span> <span class='ocrx_word' id='word_1_306' title='bbox 182 3554 221 3600; x_wconf 92' lang='grc'><strong>61.</strong></span> <span class='ocrx_word' id='word_1_307' title='bbox 242 3546 372 3612; x_wconf 68' lang='lat' dir='ltr'>proprium,</span> <span class='ocrx_word' id='word_1_308' title='bbox 385 3548 445 3598; x_wconf 76' lang='lat' dir='ltr'>&#39;l&#39;ar</span> <span class='ocrx_word' id='word_1_309' title='bbox 455 3545 629 3610; x_wconf 85' lang='lat' dir='ltr'>(vetustissimi</span> <span class='ocrx_word' id='word_1_310' title='bbox 640 3548 697 3596; x_wconf 89' lang='lat' dir='ltr'>libri</span> <span class='ocrx_word' id='word_1_311' title='bbox 709 3563 749 3612; x_wconf 90' lang='lat' dir='ltr'>ap.</span> <span class='ocrx_word' id='word_1_312' title='bbox 762 3547 868 3599; x_wconf 86' lang='lat' dir='ltr'>Salmas.</span> <span class='ocrx_word' id='word_1_313' title='bbox 880 3565 962 3599; x_wconf 84' lang='lat' dir='ltr'>exerc.</span> <span class='ocrx_word' id='word_1_314' title='bbox 973 3564 998 3613; x_wconf 87' lang='lat' dir='ltr'>p.</span> <span class='ocrx_word' id='word_1_315' title='bbox 1009 3552 1066 3599; x_wconf 82' lang='lat'>357.</span> <span class='ocrx_word' id='word_1_316' title='bbox 1078 3565 1100 3598; x_wconf 90' lang='lat' dir='ltr'>a.</span> <span class='ocrx_word' id='word_1_317' title='bbox 1109 3548 1153 3609; x_wconf 84' lang='lat' dir='ltr'>E.)</span> <span class='ocrx_word' id='word_1_318' title='bbox 1172 3566 1230 3611; x_wconf 79' lang='lat' dir='ltr'>prc-</span> 
     </span>
     <span class='ocr_line' id='line_1_35' title="bbox 116 3609 1230 3680; baseline 0.002 -15"><span class='ocrx_word' id='word_1_319' title='bbox 116 3615 204 3679; x_wconf 71' lang='lat' dir='ltr'>prim.</span> <span class='ocrx_word' id='word_1_320' title='bbox 217 3609 288 3679; x_wconf 75' lang='grc' dir='ltr'><strong>ᾱβγ.</strong></span> <span class='ocrx_word' id='word_1_321' title='bbox 306 3655 338 3664; x_wconf 86' lang='grc'>..</span> <span class='ocrx_word' id='word_1_322' title='bbox 360 3613 476 3677; x_wconf 76' lang='lat' dir='ltr'>suppiam,</span> <span class='ocrx_word' id='word_1_323' title='bbox 489 3630 505 3664; x_wconf 88' lang='lat' dir='ltr'>a</span> <span class='ocrx_word' id='word_1_324' title='bbox 520 3615 693 3675; x_wconf 81' lang='lat' dir='ltr'>(vetustissimi</span> <span class='ocrx_word' id='word_1_325' title='bbox 705 3616 761 3666; x_wconf 89' lang='lat' dir='ltr'>libri</span> <span class='ocrx_word' id='word_1_326' title='bbox 774 3631 813 3680; x_wconf 85' lang='lat' dir='ltr'>ap.</span> <span class='ocrx_word' id='word_1_327' title='bbox 826 3614 946 3679; x_wconf 85' lang='lat' dir='ltr'>Salmas.)</span> <span class='ocrx_word' id='word_1_328' title='bbox 967 3615 1067 3679; x_wconf 81' lang='lat' dir='ltr'>sapiam,</span> <span class='ocrx_word' id='word_1_329' title='bbox 1079 3617 1152 3665; x_wconf 90' lang='lat' dir='ltr'>codd</span> <span class='ocrx_word' id='word_1_330' title='bbox 1163 3617 1230 3667; x_wconf 86' lang='lat' dir='ltr'>Bar·</span> 
     </span>
     <span class='ocr_line' id='line_1_36' title="bbox 119 3677 1230 3746; baseline -0.002 -14"><span class='ocrx_word' id='word_1_331' title='bbox 119 3678 222 3744; x_wconf 65' lang='lat' dir='ltr'>bariss.</span> <span class='ocrx_word' id='word_1_332' title='bbox 248 3679 365 3745; x_wconf 81' lang='lat' dir='ltr'>sopinum,</span> <span class='ocrx_word' id='word_1_333' title='bbox 381 3681 434 3731; x_wconf 86' lang='lat' dir='ltr'>Td.</span> <span class='ocrx_word' id='word_1_334' title='bbox 453 3722 484 3730; x_wconf 90' lang='lat'>..</span> <span class='ocrx_word' id='word_1_335' title='bbox 502 3681 650 3746; x_wconf 73' lang='lat' dir='ltr'>capitatione,</span> <span class='ocrx_word' id='word_1_336' title='bbox 665 3698 688 3731; x_wconf 83' lang='lat' dir='ltr'>a</span> <span class='ocrx_word' id='word_1_337' title='bbox 706 3722 737 3732; x_wconf 89' lang='lat'>..</span> <span class='ocrx_word' id='word_1_338' title='bbox 756 3680 848 3742; x_wconf 79' lang='lat' dir='ltr'>lorum,</span> <span class='ocrx_word' id='word_1_339' title='bbox 864 3683 937 3732; x_wconf 87' lang='lat' dir='ltr'>Tad.</span> <span class='ocrx_word' id='word_1_340' title='bbox 963 3698 1051 3743; x_wconf 81' lang='lat' dir='ltr'>sorum,</span> <span class='ocrx_word' id='word_1_341' title='bbox 1067 3677 1117 3745; x_wconf 79' lang='grc' dir='ltr'>βγ.</span> <span class='ocrx_word' id='word_1_342' title='bbox 1136 3722 1168 3732; x_wconf 88' lang='lat'>..</span> <span class='ocrx_word' id='word_1_343' title='bbox 1195 3685 1230 3746; x_wconf 72' lang='lat' dir='ltr'>ia,</span> 
     </span>
     <span class='ocr_line' id='line_1_37' title="bbox 120 3741 1228 3813; baseline 0.001 -13"><span class='ocrx_word' id='word_1_344' title='bbox 120 3750 201 3800; x_wconf 82' lang='lat' dir='ltr'>omitt.</span> <span class='ocrx_word' id='word_1_345' title='bbox 218 3741 304 3798; x_wconf 60' lang='grc' dir='ltr'><strong>θεᾶν.</strong></span> <span class='ocrx_word' id='word_1_346' title='bbox 315 3748 375 3797; x_wconf 90' lang='lat' dir='ltr'>Vid.</span> <span class='ocrx_word' id='word_1_347' title='bbox 390 3754 429 3806; x_wconf 79' lang='grc'>15,</span> <span class='ocrx_word' id='word_1_348' title='bbox 441 3754 482 3799; x_wconf 80' lang='grc'><strong>66.</strong></span> <span class='ocrx_word' id='word_1_349' title='bbox 502 3789 532 3798; x_wconf 90' lang='grc'>..</span> <span class='ocrx_word' id='word_1_350' title='bbox 551 3747 704 3811; x_wconf 81' lang='lat' dir='ltr'>eiusdemque,</span> <span class='ocrx_word' id='word_1_351' title='bbox 717 3744 831 3799; x_wconf 74' lang='lat' dir='ltr'>OTadr.</span> <span class='ocrx_word' id='word_1_352' title='bbox 854 3749 953 3812; x_wconf 79' lang='lat' dir='ltr'>eiusque,</span> <span class='ocrx_word' id='word_1_353' title='bbox 967 3745 1018 3813; x_wconf 77' lang='grc' dir='ltr'>βγ.</span> <span class='ocrx_word' id='word_1_354' title='bbox 1036 3790 1067 3798; x_wconf 91' lang='grc'>..</span> <span class='ocrx_word' id='word_1_355' title='bbox 1083 3748 1144 3812; x_wconf 83' lang='lat' dir='ltr'>pice,</span> <span class='ocrx_word' id='word_1_356' title='bbox 1155 3765 1175 3799; x_wconf 89' lang='lat' dir='ltr'>r.</span> <span class='ocrx_word' id='word_1_357' title='bbox 1196 3791 1228 3801; x_wconf 84' lang='grc'><strong>.-</strong></span> 
     </span>
     <span class='ocr_line' id='line_1_38' title="bbox 110 3808 1229 3881; baseline -0.001 -15"><span class='ocrx_word' id='word_1_358' title='bbox 110 3808 513 3881; x_wconf 71' lang='lat' dir='ltr'>feritates-mitipotoe,0Tadr.</span> <span class='ocrx_word' id='word_1_359' title='bbox 523 3815 786 3879; x_wconf 64' lang='lat' dir='ltr'>feritate-milipato,</span> <span class='ocrx_word' id='word_1_360' title='bbox 794 3811 968 3880; x_wconf 71' lang='lat' dir='ltr'>st...supps&#39;m&#39;,</span> <span class='ocrx_word' id='word_1_361' title='bbox 977 3817 1013 3867; x_wconf 75' lang='lat' dir='ltr'>ita</span> <span class='ocrx_word' id='word_1_362' title='bbox 1020 3832 1067 3866; x_wconf 90' lang='lat' dir='ltr'>nos</span> <span class='ocrx_word' id='word_1_363' title='bbox 1075 3818 1229 3879; x_wconf 87' lang='lat' dir='ltr'>scripsimus.</span> 
     </span>
     <span class='ocr_line' id='line_1_39' title="bbox 116 3879 1229 3950; baseline -0.001 -13"><span class='ocrx_word' id='word_1_364' title='bbox 116 3882 203 3947; x_wconf 60' lang='lat' dir='ltr'>mini.</span> <span class='ocrx_word' id='word_1_365' title='bbox 215 3899 238 3932; x_wconf 84' lang='lat' dir='ltr'>a</span> <span class='ocrx_word' id='word_1_366' title='bbox 255 3881 325 3946; x_wconf 81' lang='lat' dir='ltr'>cupii,</span> <span class='ocrx_word' id='word_1_367' title='bbox 334 3897 354 3932; x_wconf 87' lang='lat' dir='ltr'>r.</span> <span class='ocrx_word' id='word_1_368' title='bbox 370 3882 463 3946; x_wconf 80' lang='lat' dir='ltr'>supino,</span> <span class='ocrx_word' id='word_1_369' title='bbox 472 3884 518 3933; x_wconf 79' lang='lat' dir='ltr'>Tu</span> <span class='ocrx_word' id='word_1_370' title='bbox 529 3881 643 3943; x_wconf 80' lang='lat' dir='ltr'>(Thoan.</span> <span class='ocrx_word' id='word_1_371' title='bbox 655 3897 696 3945; x_wconf 87' lang='lat' dir='ltr'>ap.</span> <span class='ocrx_word' id='word_1_372' title='bbox 706 3879 825 3944; x_wconf 87' lang='lat' dir='ltr'>Salmas.)</span> <span class='ocrx_word' id='word_1_373' title='bbox 841 3882 947 3946; x_wconf 78' lang='lat' dir='ltr'>supinus,</span> <span class='ocrx_word' id='word_1_374' title='bbox 957 3880 1008 3950; x_wconf 73' lang='grc' dir='ltr'>βγ.</span> <span class='ocrx_word' id='word_1_375' title='bbox 1025 3885 1067 3934; x_wconf 86' lang='lat' dir='ltr'>De</span> <span class='ocrx_word' id='word_1_376' title='bbox 1075 3885 1192 3946; x_wconf 83' lang='lat' dir='ltr'>genetivo</span> <span class='ocrx_word' id='word_1_377' title='bbox 1204 3901 1229 3936; x_wconf 81' lang='lat' dir='ltr'>v.</span> 
     </span>
     <span class='ocr_line' id='line_1_40' title="bbox 117 3946 1230 4013; baseline 0.001 -13"><span class='ocrx_word' id='word_1_378' title='bbox 117 3951 150 4000; x_wconf 74' lang='lat' dir='ltr'>ad</span> <span class='ocrx_word' id='word_1_379' title='bbox 161 3955 202 4007; x_wconf 77' lang='lat'>86,</span> <span class='ocrx_word' id='word_1_380' title='bbox 216 3954 255 4000; x_wconf 92' lang='grc'><strong>16.</strong></span> <span class='ocrx_word' id='word_1_381' title='bbox 268 3989 299 3997; x_wconf 91' lang='grc'><strong>..</strong></span> <span class='ocrx_word' id='word_1_382' title='bbox 318 3964 414 3998; x_wconf 74' lang='lat' dir='ltr'>curem</span> <span class='ocrx_word' id='word_1_383' title='bbox 425 3964 516 4012; x_wconf 72' lang='lat' dir='ltr'>periere,</span> <span class='ocrx_word' id='word_1_384' title='bbox 533 3950 577 3999; x_wconf 75' lang='grc' dir='ltr'>Τά</span> <span class='ocrx_word' id='word_1_385' title='bbox 589 3946 716 4013; x_wconf 48' lang='lat' dir='ltr'>(thuan.)</span> <span class='ocrx_word' id='word_1_386' title='bbox 733 3964 804 3997; x_wconf 84' lang='lat' dir='ltr'>caeso</span> <span class='ocrx_word' id='word_1_387' title='bbox 814 3958 960 4012; x_wconf 70' lang='lat' dir='ltr'>repeteretis,</span> <span class='ocrx_word' id='word_1_388' title='bbox 972 3965 1011 3999; x_wconf 88' lang='lat' dir='ltr'>ar.</span> <span class='ocrx_word' id='word_1_389' title='bbox 1029 3952 1130 4001; x_wconf 84' lang='lat' dir='ltr'>Retinui</span> <span class='ocrx_word' id='word_1_390' title='bbox 1141 3952 1230 4001; x_wconf 86' lang='lat' dir='ltr'>lectio-</span> 
     </span>
     <span class='ocr_line' id='line_1_41' title="bbox 116 4016 1230 4081; baseline 0.002 -15"><span class='ocrx_word' id='word_1_391' title='bbox 116 4029 175 4066; x_wconf 84' lang='lat' dir='ltr'>nem</span> <span class='ocrx_word' id='word_1_392' title='bbox 189 4016 319 4079; x_wconf 76' lang='lat' dir='ltr'>vulgatam</span> <span class='ocrx_word' id='word_1_393' title='bbox 334 4016 395 4066; x_wconf 89' lang='lat' dir='ltr'>licet</span> <span class='ocrx_word' id='word_1_394' title='bbox 407 4018 596 4080; x_wconf 69' lang='lat' dir='ltr'>interpolatam</span> <span class='ocrx_word' id='word_1_395' title='bbox 608 4031 622 4066; x_wconf 91' lang='lat' dir='ltr'>e</span> <span class='ocrx_word' id='word_1_396' title='bbox 634 4018 648 4080; x_wconf 68' lang='grc' dir='ltr'><strong>ξ</strong></span> <span class='ocrx_word' id='word_1_397' title='bbox 663 4021 728 4075; x_wconf 82' lang='grc'>196,</span> <span class='ocrx_word' id='word_1_398' title='bbox 739 4030 814 4079; x_wconf 84' lang='lat' dir='ltr'>quam</span> <span class='ocrx_word' id='word_1_399' title='bbox 826 4016 853 4064; x_wconf 90' lang='lat' dir='ltr'>h.</span> <span class='ocrx_word' id='word_1_400' title='bbox 864 4017 881 4065; x_wconf 92' lang='lat' dir='ltr'>l.</span> <span class='ocrx_word' id='word_1_401' title='bbox 890 4017 957 4067; x_wconf 87' lang='lat' dir='ltr'>Plin.</span> <span class='ocrx_word' id='word_1_402' title='bbox 966 4027 1081 4081; x_wconf 88' lang='lat' dir='ltr'>occupat,</span> <span class='ocrx_word' id='word_1_403' title='bbox 1093 4026 1161 4067; x_wconf 85' lang='lat' dir='ltr'>certo</span> <span class='ocrx_word' id='word_1_404' title='bbox 1173 4020 1230 4081; x_wconf 92' lang='lat' dir='ltr'>qui-</span> 
     </span>
     <span class='ocr_line' id='line_1_42' title="bbox 117 4082 1230 4146; baseline 0.003 -14"><span class='ocrx_word' id='word_1_405' title='bbox 117 4082 175 4134; x_wconf 85' lang='lat' dir='ltr'>dem</span> <span class='ocrx_word' id='word_1_406' title='bbox 187 4082 306 4145; x_wconf 75' lang='lat' dir='ltr'>colligere</span> <span class='ocrx_word' id='word_1_407' title='bbox 316 4098 457 4146; x_wconf 86' lang='lat' dir='ltr'>possumus,</span> <span class='ocrx_word' id='word_1_408' title='bbox 473 4085 500 4133; x_wconf 91' lang='lat' dir='ltr'>in</span> <span class='ocrx_word' id='word_1_409' title='bbox 511 4085 627 4133; x_wconf 87' lang='lat' dir='ltr'>codicum</span> <span class='ocrx_word' id='word_1_410' title='bbox 640 4083 761 4146; x_wconf 85' lang='lat' dir='ltr'>scriptura</span> <span class='ocrx_word' id='word_1_411' title='bbox 772 4091 888 4145; x_wconf 82' lang='lat' dir='ltr'>corrupta</span> <span class='ocrx_word' id='word_1_412' title='bbox 898 4098 994 4133; x_wconf 89' lang='lat' dir='ltr'>nomen</span> <span class='ocrx_word' id='word_1_413' title='bbox 1005 4085 1089 4134; x_wconf 77' lang='lat' dir='ltr'>abietis</span> <span class='ocrx_word' id='word_1_414' title='bbox 1098 4087 1185 4142; x_wconf 89' lang='lat' dir='ltr'>latere,</span> <span class='ocrx_word' id='word_1_415' title='bbox 1202 4095 1230 4135; x_wconf 85' lang='lat' dir='ltr'>at</span> 
     </span>
     <span class='ocr_line' id='line_1_43' title="bbox 84 4149 1229 4215; baseline 0.002 -15"><span class='ocrx_word' id='word_1_416' title='bbox 84 4160 94 4171; x_wconf 83' lang='lat'>·</span> <span class='ocrx_word' id='word_1_417' title='bbox 117 4150 247 4215; x_wconf 85' lang='lat' dir='ltr'>quomodo</span> <span class='ocrx_word' id='word_1_418' title='bbox 256 4149 289 4200; x_wconf 87' lang='lat' dir='ltr'>sit</span> <span class='ocrx_word' id='word_1_419' title='bbox 295 4151 484 4212; x_wconf 85' lang='lat' dir='ltr'>restituendum,</span> <span class='ocrx_word' id='word_1_420' title='bbox 492 4151 575 4201; x_wconf 82' lang='lat' dir='ltr'>minus</span> <span class='ocrx_word' id='word_1_421' title='bbox 585 4160 622 4200; x_wconf 87' lang='lat' dir='ltr'>est</span> <span class='ocrx_word' id='word_1_422' title='bbox 631 4157 733 4199; x_wconf 88' lang='lat' dir='ltr'>certum.</span> <span class='ocrx_word' id='word_1_423' title='bbox 750 4149 853 4198; x_wconf 85' lang='lat' dir='ltr'>Barbar.</span> <span class='ocrx_word' id='word_1_424' title='bbox 865 4163 879 4198; x_wconf 87' lang='lat' dir='ltr'>e</span> <span class='ocrx_word' id='word_1_425' title='bbox 890 4152 941 4200; x_wconf 88' lang='lat' dir='ltr'>suis</span> <span class='ocrx_word' id='word_1_426' title='bbox 953 4153 1027 4201; x_wconf 86' lang='lat' dir='ltr'>codd.</span> <span class='ocrx_word' id='word_1_427' title='bbox 1037 4152 1110 4201; x_wconf 79' lang='lat' dir='ltr'>affert</span> <span class='ocrx_word' id='word_1_428' title='bbox 1121 4153 1229 4215; x_wconf 87' lang='lat' dir='ltr'>scriptu-</span> 
     </span>
     <span class='ocr_line' id='line_1_44' title="bbox 116 4215 1228 4281; baseline 0.004 -15"><span class='ocrx_word' id='word_1_429' title='bbox 116 4231 170 4267; x_wconf 83' lang='lat' dir='ltr'>ram</span> <span class='ocrx_word' id='word_1_430' title='bbox 181 4217 293 4280; x_wconf 84' lang='lat' dir='ltr'>ineptam</span> <span class='ocrx_word' id='word_1_431' title='bbox 303 4215 395 4280; x_wconf 77' lang='lat' dir='ltr'>rupium</span> <span class='ocrx_word' id='word_1_432' title='bbox 411 4225 487 4266; x_wconf 72' lang='lat' dir='ltr'>caton</span> <span class='ocrx_word' id='word_1_433' title='bbox 499 4218 595 4266; x_wconf 73' lang='lat' dir='ltr'>mauris</span> <span class='ocrx_word' id='word_1_434' title='bbox 610 4231 681 4264; x_wconf 82' lang='lat' dir='ltr'>caesa</span> <span class='ocrx_word' id='word_1_435' title='bbox 695 4223 877 4278; x_wconf 60' lang='lat' dir='ltr'>repensumque</span> <span class='ocrx_word' id='word_1_436' title='bbox 884 4219 931 4281; x_wconf 60' lang='grc' dir='ltr'><em>Μ</em></span> <span class='ocrx_word' id='word_1_437' title='bbox 954 4219 1005 4267; x_wconf 85' lang='lat' dir='ltr'>alia</span> <span class='ocrx_word' id='word_1_438' title='bbox 1020 4227 1148 4269; x_wconf 84' lang='lat' dir='ltr'>tentarunt</span> <span class='ocrx_word' id='word_1_439' title='bbox 1159 4219 1228 4271; x_wconf 89' lang='lat' dir='ltr'>Piut.</span> 
     </span>
     <span class='ocr_line' id='line_1_45' title="bbox 117 4279 1228 4352; baseline 0.001 -18"><span class='ocrx_word' id='word_1_440' title='bbox 117 4290 143 4334; x_wconf 88' lang='lat' dir='ltr'>st</span> <span class='ocrx_word' id='word_1_441' title='bbox 151 4283 259 4337; x_wconf 73' lang='lat' dir='ltr'>sonsa</span> <span class='ocrx_word' id='word_1_442' title='bbox 270 4283 286 4334; x_wconf 89' lang='grc'><strong>1.</strong></span> <span class='ocrx_word' id='word_1_443' title='bbox 296 4284 313 4334; x_wconf 89' lang='grc'><strong>1.</strong></span> <span class='ocrx_word' id='word_1_444' title='bbox 322 4293 348 4334; x_wconf 87' lang='lat' dir='ltr'>et</span> <span class='ocrx_word' id='word_1_445' title='bbox 359 4286 390 4334; x_wconf 89' lang='lat' dir='ltr'>de</span> <span class='ocrx_word' id='word_1_446' title='bbox 400 4286 461 4348; x_wconf 83' lang='lat' dir='ltr'>hyle</span> <span class='ocrx_word' id='word_1_447' title='bbox 470 4299 495 4348; x_wconf 90' lang='lat' dir='ltr'>p.</span> <span class='ocrx_word' id='word_1_448' title='bbox 504 4290 545 4335; x_wconf 85' lang='lat' dir='ltr'>sl.</span> <span class='ocrx_word' id='word_1_449' title='bbox 553 4300 577 4334; x_wconf 81' lang='lat' dir='ltr'>a</span> <span class='ocrx_word' id='word_1_450' title='bbox 587 4284 619 4335; x_wconf 83' lang='lat' dir='ltr'>G.</span> <span class='ocrx_word' id='word_1_451' title='bbox 628 4322 659 4330; x_wconf 92' lang='lat'>..</span> <span class='ocrx_word' id='word_1_452' title='bbox 670 4281 713 4345; x_wconf 78' lang='lat' dir='ltr'>fit,</span> <span class='ocrx_word' id='word_1_453' title='bbox 724 4284 792 4334; x_wconf 80' lang='lat' dir='ltr'>Tar.</span> <span class='ocrx_word' id='word_1_454' title='bbox 801 4283 861 4346; x_wconf 77' lang='lat' dir='ltr'>fist,</span> <span class='ocrx_word' id='word_1_455' title='bbox 872 4285 972 4335; x_wconf 81' lang='lat' dir='ltr'>Thoan.</span> <span class='ocrx_word' id='word_1_456' title='bbox 983 4279 1013 4344; x_wconf 78' lang='grc' dir='ltr'><strong>β.</strong></span> <span class='ocrx_word' id='word_1_457' title='bbox 1030 4285 1069 4349; x_wconf 83' lang='lat' dir='ltr'>ss&#39;t,</span> <span class='ocrx_word' id='word_1_458' title='bbox 1080 4286 1170 4337; x_wconf 86' lang='lat' dir='ltr'>Dslec.</span> <span class='ocrx_word' id='word_1_459' title='bbox 1180 4288 1228 4352; x_wconf 74' lang='lat' dir='ltr'>dy.</span> 
     </span>
    </p>
   </div>
   <div class='ocr_carea' id='block_1_4' title="bbox 0 0 1382 4726">
    <p class='ocr_par' dir='ltr' id='par_1_7' title="bbox 0 0 1382 4726">
     <span class='ocr_line' id='line_1_46' title="bbox 0 0 1382 4726; baseline 0 6"><span class='ocrx_word' id='word_1_460' title='bbox 0 0 1382 4726; x_wconf 95' lang='lat' dir='ltr'> </span> 
     </span>
    </p>
   </div>
  </div>
 </body>
</html>
