2754 4726
122 304 188 369 438
476 318 681 367 sesumam
704 315 900 365 arsroarss

123 471 234 558 pedis,
262 470 414 535 decoctae
435 468 553 534 radicis
573 468 608 536 iu
629 468 701 535 oleo
721 488 818 534 sucus
838 465 1011 553 perimes
1033 476 1068 534 et
1089 467 1248 549 ambusta,

124 584 157 639 et
181 569 333 657 gravitati
360 569 486 634 aurium
512 567 710 647 infunditur,
743 567 948 637 sacrastis
972 589 1052 636 suro
1075 568 1113 634 in
1139 569 1249 636 dolore

122 670 276 738 dentium.
311 669 636 737 Prodesteturinse
662 668 1248 756 poamodicercdixetmenstruis

123 784 158 838 et
183 772 295 838 lateris
321 770 501 849 doloribus,
534 771 613 837 item
638 770 761 858 raptis,
795 769 971 850 convolsis,
998 770 1147 839 tussibus
1175 772 1248 839 dn·

122 873 236 939 charae
260 871 403 958 pondere
428 871 464 936 in
484 871 560 937 vinc
581 880 674 958 pcta3
710 871 824 938 eadem
845 880 880 937 et
900 869 1096 939 vomitiones
1117 873 1249 940 adium

122 973 393 1048 conmanducste3
426 972 548 1038 semine
578 982 709 1060 sumpto
741 971 891 1038 turbatur
920 982 1044 1040 venter.
1083 970 1278 1061 Chryses-tt

123 1098 197 1143 mus
216 1086 250 1141 st
270 1072 434 1161 parotidas
452 1073 489 1138 in
502 1073 579 1139 vino
593 1073 725 1139 decocta
738 1072 848 1139 radios
861 1073 998 1153 enavit,
1018 1073 1099 1140 item
1112 1085 1249 1142 suum

122 1177 265 1242 admixta
292 1174 408 1260 cachry
434 1197 476 1241 ex
502 1173 589 1241 vino
623 1171 766 1256 Quidam
794 1172 1249 1262 siunt,'siinpositaradise

122 1298 200 1363 pars
225 1277 296 1342 eius
320 1274 356 1340 in
379 1275 469 1341 fumo
490 1275 708 1363 suspendatur
728 1285 906 1362 quartaque
933 1275 986 1342 die
1007 1277 1167 1358 solvatur,
1186 1299 1249 1345 uss

123 1377 679 1444 cummdicesresceresanmam
712 1373 1247 1465 Sophoclesadpodagrasutro-

122 1500 186 1564 que
199 1478 306 1558 ruodo,
328 1487 421 1543 cocta
434 1475 610 1562 crudaque,
632 1498 714 1543 usus
734 1488 799 1553 est3
826 1475 869 1542 ad
888 1476 1063 1565 perniones
1084 1479 1248 1546 deeoem

122 1602 164 1647 ex
184 1582 256 1647 oleo
277 1578 366 1646 dedit
388 1587 421 1644 et
442 1577 587 1644 subfusis
607 1576 682 1643 felle
701 1577 736 1643 in
758 1577 834 1644 rino
855 1586 888 1643 st
908 1576 1107 1666 hydropicis.
1142 1579 1249 1648 Vens·

121 1703 191 1748 rem
217 1702 346 1766 quoque
371 1678 526 1745 concimri
551 1700 627 1745 cnm
653 1677 731 1744 vino
758 1687 791 1744 et
814 1677 908 1745 melle
927 1679 1099 1766 perunctis
1117 1691 1175 1753 snt
1193 1679 1247 1747 bi·

121 1779 273 1847 bentibus
299 1779 470 1844 tradidere.
505 1777 711 1845 Xenocrates
738 1787 772 1844 et
791 1777 950 1858 lichsnm,
978 1800 1112 1866 motas,
1141 1782 1286 1870 lepmts

121 1880 276 1961 radicein
290 1879 529 1946 scetodecocta
550 1879 620 1946 tolli
640 1878 730 1957 dicit,
750 1879 830 1945 item
852 1879 880 1945 si
900 1891 992 1947 cocta
1011 1880 1056 1947 sit
1074 1903 1150 1949 cnm
1165 1882 1250 1970 byo-

122 2003 252 2068 scysmo
277 1991 311 2048 et
336 1980 409 2067 pice
435 1980 572 2065 liquida,
605 1980 728 2046 ὼωω
755 2000 886 2065 quoque
913 1990 948 2047 et
972 1981 1130 2049 feminum
1158 1985 1250 2066 vitia,

121 2092 155 2149 et
175 2080 327 2167 capillum
347 2081 536 2166 crispiorem
555 2079 644 2160 fieri,
672 2101 747 2146 raso
768 2080 859 2168 prius
879 2081 1003 2168 capite,
1030 2083 1059 2149 si
1080 2084 1192 2152 radice
1213 2108 1253 2153 ss

121 2179 279 2258 fricetur,
316 2176 427 2245 Simus
457 2180 583 2266 lapides
614 2181 741 2247 renium
769 2180 804 2245 in
835 2180 913 2248 vino
942 2182 1076 2249 decocta
1107 2195 1251 2272 potaque

123 2279 237 2356 eximi3
259 2279 477 2365 Hippocrates
498 2280 620 2346 semine
641 2281 684 2347 ed
704 2281 835 2369 inpetus
854 2282 948 2349 lienis
961 2282 1031 2350 dari
1046 2295 1171 2351 censet.
1193 2285 1252 2352 Iu-

121 2390 302 2446 mentorum
329 2401 459 2465 quoque
484 2379 595 2447 ulcera
620 2403 659 2448 ac
683 2382 823 2451 scabiem
843 2383 937 2449 radix
958 2383 1052 2450 inlita
1072 2385 1254 2454 sat'deoo-

122 2491 192 2548 ctae
206 2502 303 2548 sucus
316 2481 358 2547 ad
378 2482 481 2568 pilum
500 2482 643 2559 reducit3
664 2505 774 2550 mures
795 2484 908 2551 eadem
921 2483 1088 2573 fugentur,
1111 2509 1258 2555 caverna

122 2583 291 2669 praeclusa
311 2585 502 2650 moriuntur.

152 2789 234 2854 pede,
251 2793 287 2841 ita
304 2807 351 2843 nos
368 2793 522 2855 scripsimus.
544 2791 671 2856 pedbqae,
688 2792 772 2845 RVd.
795 2787 958 2857 Wrfir·
982 2833 1015 2845 ..
1037 2792 1148 2857 demeto,
1166 2796 1201 2849 lt
1220 2839 1259 2852 ...

120 2873 182 2919 aueo,
195 2858 227 2910 R.
246 2898 278 2908 -
296 2859 413 2921 ambioso,
425 2857 502 2910 Res.
525 2860 654 2921 ambertae,
667 2860 701 2910 V.
719 2900 751 2909 -
774 2865 804 2921 et,
816 2857 896 2911 Res.
912 2866 936 2908 st
946 2858 989 2924 ad,
999 2856 1050 2926 βγ.
1066 2863 1140 2915 Nihil
1153 2865 1263 2919 horum

120 2925 198 2975 habet
210 2926 244 2975 V.
264 2966 295 2975 ..
312 2924 440 2992 pravitati,
452 2928 488 2978 ite
499 2941 547 2979 nos
559 2928 711 2991 scripsimus.
727 2925 855 2992 pravitate,
866 2927 898 2977 R.
915 2927 1066 2992 pravitatem,
1079 2925 1209 2995 Vddfir.
1230 2938 1266 2982 et

120 2993 242 3042 ambustae
252 2994 404 3058 pravitatem,
417 2994 529 3048 Gronov.
547 3035 580 3045 -
598 3001 623 3046 et
635 3010 653 3043 a
669 2993 799 3056 masana,
810 2995 901 3048 Dolet.
919 3036 951 3045 ..
969 3011 1001 3047 sc
1013 2996 1146 3058 neum,
1158 3000 1197 3049 V.
1219 3038 1264 3054 ,.,

137 3068 204 3109 stata
225 3063 249 3111 d.

79 3121 84 3132 '
118 3077 137 3123 p
155 3131 170 3192 ᾖ
185 3097 223 3180 tl.
253 3127 416 3195 Chrysermus
434 3129 481 3180 Vt
510 3127 680 3194 Oltyscrimas,
697 3129 748 3179 V2.
778 3125 941 3194 Odrysetiaae
958 3131 990 3180 R.
1019 3127 1153 3196 Oysennrs,
1167 3134 1195 3184 d.
1220 3174 1262 3186 .,

119 3193 178 3256 eius,
190 3197 247 3247 Vd.
265 3197 315 3247 eisc
326 3198 357 3259 si,
369 3200 401 3248 R.
421 3238 453 3247 -
471 3204 609 3260 quartoque,
625 3189 766 3248 ORVTd.
783 3203 913 3260 stqaarta,
925 3192 955 3259 β.
967 3238 999 3248 ..
1017 3195 1157 3262 Sophocles,
1171 3198 1262 3266 d(i).

119 3259 209 3322 Seelee,
225 3256 287 3312 GV.
309 3262 402 3323 Socrec,
414 3265 446 3313 R.
468 3263 586 3323 Secuta,
599 3261 695 3328 δθρφ.
720 3262 826 3327 Diocles,
839 3263 953 3315 Gronov.
974 3266 1072 3315 Verum
1090 3268 1202 3330 quidem
1214 3280 1270 3322 est

118 3327 231 3377 Plinium
247 3329 274 3378 in
290 3331 415 3380 indicibus
431 3329 553 3378 librorum
564 3330 782 3382 XXII-xm
808 3331 945 3396 Sophoclis
957 3333 1134 3384 auctoritatem
1146 3351 1263 3400 praese

118 3393 191 3454 ferre,
207 3403 234 3444 st
249 3410 303 3444 non
318 3398 401 3446 minus
417 3409 505 3444 verum
521 3411 580 3446 eum
596 3400 623 3448 in
639 3399 700 3463 ipsis
715 3400 839 3452 naturalis
850 3401 972 3452 historiae
982 3400 1052 3451 libris
1062 3410 1168 3464 praeter
1180 3405 1268 3456 hune

118 3476 198 3512 unum
215 3462 311 3524 locum,
328 3463 371 3512 ubi
387 3477 462 3511 nemo
479 3472 545 3514 certe
561 3468 687 3531 deposta
702 3468 800 3530 magico
817 3469 940 3531 cogitabit
955 3475 982 3519 et
995 3468 1039 3518 ubi
1051 3469 1110 3532 ipss
1121 3473 1266 3536 scripturn»

117 3529 193 3579 valde
205 3529 301 3579 incerta
312 3538 358 3591 est,
374 3530 448 3580 nullo
462 3531 516 3582 eius
527 3533 674 3584 testimonio
686 3532 732 3583 nti.
749 3533 806 3584 Ism
818 3535 886 3585 dicas
898 3535 1005 3587 fortasse
1016 3551 1113 3586 nomen
1125 3549 1225 3601 poetas
1236 3556 1266 3590 a·

118 3594 214 3658 Plinio,
232 3598 302 3660 quod
318 3611 393 3660 saepe
408 3599 435 3647 in
450 3600 507 3649 aliis
525 3602 670 3652 auctoribus
680 3599 779 3651 factum
794 3604 963 3665 senescimus,
980 3614 1145 3668 suppressum
1158 3606 1259 3668 fuisse,

117 3665 268 3714 sententiam
278 3665 331 3714 eius
340 3665 452 3727 aliquam
461 3668 600 3731 laudatom3
613 3676 640 3718 at
651 3669 678 3718 id
690 3669 722 3718 de
733 3669 832 3720 medico
844 3670 931 3734 aliquo
942 3671 984 3721 vol
995 3671 1104 3735 physico
1116 3673 1263 3726 inferioris

117 3731 212 3782 ordinis
224 3740 369 3792 statuerem,
380 3732 408 3781 in
417 3732 555 3798 Sophocle,
567 3737 681 3787 Homero
693 3745 719 3787 et
730 3737 786 3787 aliis
798 3736 912 3788 eiusdem
922 3739 974 3789 loci
984 3739 1066 3802 poetis
1077 3754 1119 3790 res
1131 3742 1214 3794 aliter
1223 3757 1261 3795 so

116 3797 208 3861 babet;
225 3815 250 3849 v.
268 3801 344 3850 modo
357 3805 398 3861 sl,
414 3806 469 3853 153.
490 3805 559 3855 Hinc
573 3804 599 3853 h.
615 3804 633 3854 l.
646 3803 770 3855 Gronovii
782 3806 922 3856 sententiae
932 3807 1039 3869 accedo,
1055 3809 1127 3870 quod
1138 3823 1203 3860 vcro
1216 3810 1258 3862 sd

116 3865 212 3918 iudices
228 3867 326 3928 attinet,
344 3868 466 3920 librorum
482 3887 558 3936 supra
575 3871 700 3922 dictorum
715 3872 811 3923 indices
828 3887 881 3922 non
892 3873 962 3923 leves
973 3873 1192 3937 interpolationes
1204 3893 1256 3928 ex·

116 3941 202 3997 pestes
218 3949 273 3985 esse
289 3947 394 3998 censeo,
415 3938 492 3990 nimis
508 3948 568 3991 sunt
582 3939 630 3990 sibi
642 3939 737 3990 similes
749 3947 775 3990 et
786 3941 875 3990 eadem
886 3941 992 3991 nomina
1001 3949 1136 3992 auctorum
1147 3945 1251 3997 Roms-

116 4016 207 4052 norum
219 4010 245 4053 et
253 4010 415 4053 exmmorum
427 4007 523 4071 ubique
534 4010 624 4059 eodem
636 4007 724 4058 ordine
735 4014 877 4069 recurrent,
887 4009 957 4073 quod
968 4009 996 4060 irs
1007 4009 1135 4062 indicibus
1146 4022 1249 4064 cetero-

116 4084 172 4119 rum
183 4070 314 4132 librorum,
327 4071 371 4120 ubi
387 4072 479 4124 similis
489 4074 648 4140 repetitionis
665 4088 725 4124 vera
741 4089 819 4128 causa
829 4082 883 4127 erat
898 4083 927 4127 ut
941 4077 968 4126 in
984 4078 1174 4142 geographicis,
1192 4094 1248 4131 nou

48 4186 52 4193 ,
116 4135 212 4189 facturn
225 4153 280 4188 csse
294 4139 416 4190 videmus.
440 4143 481 4192 De
491 4143 635 4194 auctoribus
647 4143 751 4193 medicis
763 4145 790 4193 in
801 4143 871 4196 hisce
881 4143 953 4195 libris
963 4144 1069 4195 medicis
1081 4146 1161 4197 talem
1173 4163 1244 4215 repe·

117 4206 230 4256 titionem
243 4204 342 4256 facilius
354 4205 416 4258 fero.
437 4249 466 4259 ..
487 4209 632 4273 pernitionss
643 4207 747 4270 decocta,
758 4210 792 4261 V.
813 4251 844 4262 ..
869 4210 995 4273 comitare,
1008 4213 1040 4264 P.
1060 4253 1091 4265 ,
1112 4213 1240 4274 ίωάἁίω,

119 4263 207 4324 ORV.
227 4270 382 4337 resideant,
396 4271 445 4335 ᾱβ,
769 4287 781 4309 ⁰
