<?xml version="1.0" encoding="UTF-8"?>
<!DOCTYPE html PUBLIC "-//W3C//DTD XHTML 1.0 Transitional//EN"
    "http://www.w3.org/TR/xhtml1/DTD/xhtml1-transitional.dtd">
<html xmlns="http://www.w3.org/1999/xhtml" xml:lang="en" lang="en">
 <head>
  <title>
</title>
<meta http-equiv="Content-Type" content="text/html;charset=utf-8" />
  <meta name='ocr-system' content='tesseract 3.04.00' />
  <meta name='ocr-capabilities' content='ocr_page ocr_carea ocr_par ocr_line ocrx_word'/>
</head>
<body>
  <div class='ocr_page' id='page_1' title='image "./cplinisecundina02grongoog_0068.png"; bbox 0 0 2754 4726; ppageno 0'>
   <div class='ocr_carea' id='block_1_1' title="bbox 345 278 1231 354">
    <p class='ocr_par' dir='ltr' id='par_1_1' title="bbox 345 278 1231 354">
     <span class='ocr_line' id='line_1_1' title="bbox 345 278 1231 354; baseline 0.005 -18"><span class='ocrx_word' id='word_1_1' title='bbox 345 291 416 354; x_wconf 72' lang='lat' dir='ltr'>nra.</span> <span class='ocrx_word' id='word_1_2' title='bbox 432 292 506 338; x_wconf 91' lang='lat' dir='ltr'>xvr.</span> <span class='ocrx_word' id='word_1_3' title='bbox 538 291 615 336; x_wconf 74' lang='lat' dir='ltr'>car.</span> <span class='ocrx_word' id='word_1_4' title='bbox 633 291 690 336; x_wconf 85' lang='lat' dir='ltr'>xn.</span> <span class='ocrx_word' id='word_1_5' title='bbox 707 292 779 339; x_wconf 76' lang='lat' dir='ltr'>xer.</span> <span class='ocrx_word' id='word_1_6' title='bbox 810 291 909 339; x_wconf 81' lang='lat' dir='ltr'>sacr.</span> <span class='ocrx_word' id='word_1_7' title='bbox 924 295 955 338; x_wconf 74' lang='lat' dir='ltr'>ra</span> <span class='ocrx_word' id='word_1_8' title='bbox 969 294 1000 337; x_wconf 87' lang='lat' dir='ltr'>eo.</span> <span class='ocrx_word' id='word_1_9' title='bbox 1191 278 1231 342; x_wconf 79' lang='grc'>57</span> 
     </span>
    </p>
   </div>
   <div class='ocr_carea' id='block_1_2' title="bbox 112 437 1298 2949">
    <p class='ocr_par' dir='ltr' id='par_1_2' title="bbox 112 437 1298 2949">
     <span class='ocr_line' id='line_1_2' title="bbox 115 437 1294 523; baseline 0.003 -20"><span class='ocrx_word' id='word_1_10' title='bbox 115 437 222 523; x_wconf 88' lang='lat' dir='ltr'>Super</span> <span class='ocrx_word' id='word_1_11' title='bbox 243 441 349 504; x_wconf 89' lang='lat' dir='ltr'>omnia</span> <span class='ocrx_word' id='word_1_12' title='bbox 370 451 563 506; x_wconf 87' lang='lat' dir='ltr'>memoratur</span> <span class='ocrx_word' id='word_1_13' title='bbox 584 441 674 506; x_wconf 90' lang='lat' dir='ltr'>aedis</span> <span class='ocrx_word' id='word_1_14' title='bbox 692 440 809 506; x_wconf 80' lang='lat' dir='ltr'>Aulide</span> <span class='ocrx_word' id='word_1_15' title='bbox 832 442 972 508; x_wconf 85' lang='lat' dir='ltr'>eiusdem</span> <span class='ocrx_word' id='word_1_16' title='bbox 995 442 1074 508; x_wconf 89' lang='lat' dir='ltr'>deae</span> <span class='ocrx_word' id='word_1_17' title='bbox 1097 443 1232 508; x_wconf 85' lang='lat' dir='ltr'>saeculis</span> <span class='ocrx_word' id='word_1_18' title='bbox 1245 461 1294 507; x_wconf 77' lang='lat' dir='ltr'>att</span> 
     </span>
     <span class='ocr_line' id='line_1_3' title="bbox 114 537 1231 629; baseline 0.006 -26"><span class='ocrx_word' id='word_1_19' title='bbox 114 550 188 604; x_wconf 87' lang='lat' dir='ltr'>ante</span> <span class='ocrx_word' id='word_1_20' title='bbox 202 537 377 606; x_wconf 83' lang='lat' dir='ltr'>Troianum</span> <span class='ocrx_word' id='word_1_21' title='bbox 393 541 512 607; x_wconf 91' lang='lat' dir='ltr'>bellum</span> <span class='ocrx_word' id='word_1_22' title='bbox 533 542 752 620; x_wconf 87' lang='lat' dir='ltr'>exaedificata,</span> <span class='ocrx_word' id='word_1_23' title='bbox 775 566 911 627; x_wconf 90' lang='lat' dir='ltr'>quonam</span> <span class='ocrx_word' id='word_1_24' title='bbox 933 565 1050 629; x_wconf 85' lang='lat' dir='ltr'>genere</span> <span class='ocrx_word' id='word_1_25' title='bbox 1068 544 1231 623; x_wconf 85' lang='lat' dir='ltr'>materiae,</span> 
     </span>
     <span class='ocr_line' id='line_1_4' title="bbox 113 638 1231 729; baseline 0.004 -24"><span class='ocrx_word' id='word_1_26' title='bbox 113 639 247 705; x_wconf 89' lang='lat' dir='ltr'>scientia</span> <span class='ocrx_word' id='word_1_27' title='bbox 268 638 456 706; x_wconf 88' lang='lat' dir='ltr'>oblitterata.</span> <span class='ocrx_word' id='word_1_28' title='bbox 478 642 518 707; x_wconf 93' lang='lat' dir='ltr'>In</span> <span class='ocrx_word' id='word_1_29' title='bbox 539 643 669 728; x_wconf 91' lang='lat' dir='ltr'>plenum</span> <span class='ocrx_word' id='word_1_30' title='bbox 692 644 755 707; x_wconf 90' lang='lat' dir='ltr'>dici</span> <span class='ocrx_word' id='word_1_31' title='bbox 776 654 892 729; x_wconf 88' lang='lat' dir='ltr'>potest,</span> <span class='ocrx_word' id='word_1_32' title='bbox 913 644 1024 729; x_wconf 92' lang='lat' dir='ltr'>utique</span> <span class='ocrx_word' id='word_1_33' title='bbox 1037 665 1119 728; x_wconf 87' lang='lat' dir='ltr'>quae</span> <span class='ocrx_word' id='word_1_34' title='bbox 1133 644 1231 710; x_wconf 87' lang='lat' dir='ltr'>odore</span> 
     </span>
     <span class='ocr_line' id='line_1_5' title="bbox 115 741 1294 831; baseline 0 -26"><span class='ocrx_word' id='word_1_35' title='bbox 115 741 310 827; x_wconf 79' lang='lat' dir='ltr'>praecellant</span> <span class='ocrx_word' id='word_1_36' title='bbox 336 765 391 807; x_wconf 87' lang='lat' dir='ltr'>eas</span> <span class='ocrx_word' id='word_1_37' title='bbox 416 753 449 808; x_wconf 93' lang='lat' dir='ltr'>et</span> <span class='ocrx_word' id='word_1_38' title='bbox 473 744 660 809; x_wconf 80' lang='lat' dir='ltr'>aeternitate</span> <span class='ocrx_word' id='word_1_39' title='bbox 679 755 852 829; x_wconf 88' lang='lat' dir='ltr'>praestare.</span> <span class='ocrx_word' id='word_1_40' title='bbox 880 745 913 809; x_wconf 90' lang='lat' dir='ltr'>A</span> <span class='ocrx_word' id='word_1_41' title='bbox 932 745 1103 831; x_wconf 88' lang='lat' dir='ltr'>praedictis</span> <span class='ocrx_word' id='word_1_42' title='bbox 1123 767 1232 810; x_wconf 90' lang='lat' dir='ltr'>morus</span> <span class='ocrx_word' id='word_1_43' title='bbox 1245 761 1294 807; x_wconf 86' lang='lat' dir='ltr'>ara</span> 
     </span>
     <span class='ocr_line' id='line_1_6' title="bbox 112 841 1231 931; baseline 0.004 -26"><span class='ocrx_word' id='word_1_44' title='bbox 112 863 270 927; x_wconf 87' lang='lat' dir='ltr'>proxume</span> <span class='ocrx_word' id='word_1_45' title='bbox 284 841 432 908; x_wconf 88' lang='lat' dir='ltr'>laudatur</span> <span class='ocrx_word' id='word_1_46' title='bbox 448 866 531 927; x_wconf 89' lang='lat' dir='ltr'>quae</span> <span class='ocrx_word' id='word_1_47' title='bbox 546 854 703 909; x_wconf 87' lang='lat' dir='ltr'>vetustate</span> <span class='ocrx_word' id='word_1_48' title='bbox 721 845 818 910; x_wconf 87' lang='lat' dir='ltr'>etiam</span> <span class='ocrx_word' id='word_1_49' title='bbox 832 844 996 931; x_wconf 79' lang='lat' dir='ltr'>nigrescit.</span> <span class='ocrx_word' id='word_1_50' title='bbox 1018 844 1231 929; x_wconf 71' lang='lat' dir='ltr'>aequaeuam</span> 
     </span>
     <span class='ocr_line' id='line_1_7' title="bbox 112 943 1232 1031; baseline 0.002 -25"><span class='ocrx_word' id='word_1_51' title='bbox 112 953 220 1008; x_wconf 92' lang='lat' dir='ltr'>tamen</span> <span class='ocrx_word' id='word_1_52' title='bbox 241 943 275 1006; x_wconf 89' lang='lat' dir='ltr'>in</span> <span class='ocrx_word' id='word_1_53' title='bbox 298 943 368 1009; x_wconf 86' lang='lat' dir='ltr'>aliis</span> <span class='ocrx_word' id='word_1_54' title='bbox 391 945 591 1011; x_wconf 87' lang='lat' dir='ltr'>diuturniora</span> <span class='ocrx_word' id='word_1_55' title='bbox 612 956 686 1010; x_wconf 90' lang='lat' dir='ltr'>sunt</span> <span class='ocrx_word' id='word_1_56' title='bbox 706 946 819 1012; x_wconf 88' lang='lat' dir='ltr'>usibus</span> <span class='ocrx_word' id='word_1_57' title='bbox 840 969 937 1031; x_wconf 90' lang='lat' dir='ltr'>quam</span> <span class='ocrx_word' id='word_1_58' title='bbox 958 947 1031 1012; x_wconf 86' lang='lat' dir='ltr'>alia.</span> <span class='ocrx_word' id='word_1_59' title='bbox 1059 943 1176 1009; x_wconf 89' lang='lat' dir='ltr'>Ulmus</span> <span class='ocrx_word' id='word_1_60' title='bbox 1198 945 1232 1008; x_wconf 92' lang='lat' dir='ltr'>in</span> 
     </span>
     <span class='ocr_line' id='line_1_8' title="bbox 112 1045 1231 1132; baseline 0 -23"><span class='ocrx_word' id='word_1_61' title='bbox 112 1045 250 1130; x_wconf 88' lang='lat' dir='ltr'>perflatu</span> <span class='ocrx_word' id='word_1_62' title='bbox 272 1045 378 1124; x_wconf 84' lang='lat' dir='ltr'>firma,</span> <span class='ocrx_word' id='word_1_63' title='bbox 405 1046 504 1111; x_wconf 92' lang='lat' dir='ltr'>robur</span> <span class='ocrx_word' id='word_1_64' title='bbox 529 1047 694 1112; x_wconf 85' lang='lat' dir='ltr'>defossum</span> <span class='ocrx_word' id='word_1_65' title='bbox 716 1059 748 1112; x_wconf 88' lang='lat' dir='ltr'>et</span> <span class='ocrx_word' id='word_1_66' title='bbox 768 1048 803 1112; x_wconf 91' lang='lat' dir='ltr'>in</span> <span class='ocrx_word' id='word_1_67' title='bbox 824 1049 916 1132; x_wconf 84' lang='lat' dir='ltr'>aquis</span> <span class='ocrx_word' id='word_1_68' title='bbox 942 1069 1079 1132; x_wconf 89' lang='lat' dir='ltr'>quereus</span> <span class='ocrx_word' id='word_1_69' title='bbox 1101 1046 1231 1123; x_wconf 82' lang='lat' dir='ltr'>obmta3</span> 
     </span>
     <span class='ocr_line' id='line_1_9' title="bbox 114 1146 1232 1234; baseline -0.002 -22"><span class='ocrx_word' id='word_1_70' title='bbox 114 1147 226 1212; x_wconf 88' lang='lat' dir='ltr'>eadem</span> <span class='ocrx_word' id='word_1_71' title='bbox 242 1168 341 1232; x_wconf 88' lang='lat' dir='ltr'>supra</span> <span class='ocrx_word' id='word_1_72' title='bbox 356 1158 472 1210; x_wconf 86' lang='lat' dir='ltr'>terram</span> <span class='ocrx_word' id='word_1_73' title='bbox 487 1146 605 1212; x_wconf 89' lang='lat' dir='ltr'>rimosa</span> <span class='ocrx_word' id='word_1_74' title='bbox 620 1148 696 1213; x_wconf 87' lang='lat' dir='ltr'>facit</span> <span class='ocrx_word' id='word_1_75' title='bbox 710 1171 807 1234; x_wconf 87' lang='lat' dir='ltr'>opera</span> <span class='ocrx_word' id='word_1_76' title='bbox 828 1149 1004 1233; x_wconf 83' lang='lat' dir='ltr'>torquendo</span> <span class='ocrx_word' id='word_1_77' title='bbox 1026 1170 1106 1213; x_wconf 82' lang='lat' dir='ltr'>sese.</span> <span class='ocrx_word' id='word_1_78' title='bbox 1128 1146 1232 1211; x_wconf 86' lang='lat' dir='ltr'>Larix</span> 
     </span>
     <span class='ocr_line' id='line_1_10' title="bbox 113 1245 1231 1335; baseline 0.002 -25"><span class='ocrx_word' id='word_1_79' title='bbox 113 1247 146 1310; x_wconf 93' lang='lat' dir='ltr'>in</span> <span class='ocrx_word' id='word_1_80' title='bbox 165 1267 278 1311; x_wconf 90' lang='lat' dir='ltr'>umore</span> <span class='ocrx_word' id='word_1_81' title='bbox 293 1245 467 1332; x_wconf 88' lang='lat' dir='ltr'>praecipua</span> <span class='ocrx_word' id='word_1_82' title='bbox 488 1259 521 1312; x_wconf 91' lang='lat' dir='ltr'>et</span> <span class='ocrx_word' id='word_1_83' title='bbox 540 1249 632 1313; x_wconf 85' lang='lat' dir='ltr'>alnus</span> <span class='ocrx_word' id='word_1_84' title='bbox 646 1249 748 1335; x_wconf 84' lang='lat' dir='ltr'>nigra.</span> <span class='ocrx_word' id='word_1_85' title='bbox 771 1250 883 1316; x_wconf 86' lang='lat' dir='ltr'>Robur</span> <span class='ocrx_word' id='word_1_86' title='bbox 903 1249 1029 1314; x_wconf 89' lang='lat' dir='ltr'>marina</span> <span class='ocrx_word' id='word_1_87' title='bbox 1050 1270 1134 1332; x_wconf 87' lang='lat' dir='ltr'>aqua</span> <span class='ocrx_word' id='word_1_88' title='bbox 1155 1271 1231 1313; x_wconf 89' lang='lat' dir='ltr'>con-</span> 
     </span>
     <span class='ocr_line' id='line_1_11' title="bbox 113 1346 1232 1438; baseline 0.001 -25"><span class='ocrx_word' id='word_1_89' title='bbox 113 1350 282 1434; x_wconf 89' lang='lat' dir='ltr'>rumpitur.</span> <span class='ocrx_word' id='word_1_90' title='bbox 320 1346 395 1412; x_wconf 91' lang='lat' dir='ltr'>Non</span> <span class='ocrx_word' id='word_1_91' title='bbox 416 1348 605 1435; x_wconf 86' lang='lat' dir='ltr'>inprobatur</span> <span class='ocrx_word' id='word_1_92' title='bbox 627 1360 658 1414; x_wconf 92' lang='lat' dir='ltr'>et</span> <span class='ocrx_word' id='word_1_93' title='bbox 678 1350 774 1438; x_wconf 86' lang='lat' dir='ltr'>fagus</span> <span class='ocrx_word' id='word_1_94' title='bbox 794 1351 828 1414; x_wconf 93' lang='lat' dir='ltr'>in</span> <span class='ocrx_word' id='word_1_95' title='bbox 850 1373 933 1434; x_wconf 89' lang='lat' dir='ltr'>aqua</span> <span class='ocrx_word' id='word_1_96' title='bbox 955 1360 986 1415; x_wconf 89' lang='lat' dir='ltr'>et</span> <span class='ocrx_word' id='word_1_97' title='bbox 1006 1349 1143 1437; x_wconf 85' lang='lat' dir='ltr'>iuglans,</span> <span class='ocrx_word' id='word_1_98' title='bbox 1172 1349 1232 1414; x_wconf 81' lang='lat' dir='ltr'>hae</span> 
     </span>
     <span class='ocr_line' id='line_1_12' title="bbox 113 1449 1230 1538; baseline -0.001 -24"><span class='ocrx_word' id='word_1_99' title='bbox 113 1450 243 1534; x_wconf 92' lang='lat' dir='ltr'>quidem</span> <span class='ocrx_word' id='word_1_100' title='bbox 264 1449 298 1513; x_wconf 86' lang='lat' dir='ltr'>in</span> <span class='ocrx_word' id='word_1_101' title='bbox 318 1449 472 1535; x_wconf 87' lang='lat' dir='ltr'>hisquae</span> <span class='ocrx_word' id='word_1_102' title='bbox 494 1451 705 1516; x_wconf 88' lang='lat' dir='ltr'>defodiuntur</span> <span class='ocrx_word' id='word_1_103' title='bbox 725 1452 777 1517; x_wconf 85' lang='lat' dir='ltr'>vel</span> <span class='ocrx_word' id='word_1_104' title='bbox 803 1452 1013 1538; x_wconf 91' lang='lat' dir='ltr'>principales;</span> <span class='ocrx_word' id='word_1_105' title='bbox 1041 1451 1120 1515; x_wconf 92' lang='lat' dir='ltr'>item</span> <span class='ocrx_word' id='word_1_106' title='bbox 1145 1450 1230 1514; x_wconf 91' lang='lat' dir='ltr'>iuni-</span> 
     </span>
     <span class='ocr_line' id='line_1_13' title="bbox 114 1550 1295 1638; baseline -0.003 -22"><span class='ocrx_word' id='word_1_107' title='bbox 114 1573 223 1637; x_wconf 88' lang='lat' dir='ltr'>perus,</span> <span class='ocrx_word' id='word_1_108' title='bbox 246 1550 357 1615; x_wconf 89' lang='lat' dir='ltr'>eadem</span> <span class='ocrx_word' id='word_1_109' title='bbox 378 1561 409 1616; x_wconf 90' lang='lat' dir='ltr'>et</span> <span class='ocrx_word' id='word_1_110' title='bbox 431 1551 631 1617; x_wconf 81' lang='lat' dir='ltr'>subdialibus</span> <span class='ocrx_word' id='word_1_111' title='bbox 652 1553 826 1638; x_wconf 86' lang='lat' dir='ltr'>aptissima..</span> <span class='ocrx_word' id='word_1_112' title='bbox 859 1553 971 1638; x_wconf 76' lang='lat' dir='ltr'>Ilagus</span> <span class='ocrx_word' id='word_1_113' title='bbox 993 1563 1026 1616; x_wconf 92' lang='lat' dir='ltr'>et</span> <span class='ocrx_word' id='word_1_114' title='bbox 1047 1574 1157 1616; x_wconf 87' lang='lat' dir='ltr'>cerrus</span> <span class='ocrx_word' id='word_1_115' title='bbox 1178 1573 1231 1615; x_wconf 90' lang='lat' dir='ltr'>ce·</span> <span class='ocrx_word' id='word_1_116' title='bbox 1245 1567 1295 1612; x_wconf 82' lang='lat' dir='ltr'>ara</span> 
     </span>
     <span class='ocr_line' id='line_1_14' title="bbox 114 1650 1233 1739; baseline 0 -25"><span class='ocrx_word' id='word_1_117' title='bbox 114 1651 223 1716; x_wconf 90' lang='lat' dir='ltr'>leriter</span> <span class='ocrx_word' id='word_1_118' title='bbox 237 1663 454 1730; x_wconf 85' lang='lat' dir='ltr'>marcescunt3</span> <span class='ocrx_word' id='word_1_119' title='bbox 477 1654 624 1718; x_wconf 85' lang='lat' dir='ltr'>aesculus</span> <span class='ocrx_word' id='word_1_120' title='bbox 640 1675 766 1737; x_wconf 89' lang='lat' dir='ltr'>quoque</span> <span class='ocrx_word' id='word_1_121' title='bbox 781 1653 1087 1739; x_wconf 89' lang='lat' dir='ltr'>umorisinpatiens.</span> <span class='ocrx_word' id='word_1_122' title='bbox 1111 1650 1233 1716; x_wconf 85' lang='lat' dir='ltr'>Contra</span> 
     </span>
     <span class='ocr_line' id='line_1_15' title="bbox 115 1751 1231 1839; baseline 0.002 -24"><span class='ocrx_word' id='word_1_123' title='bbox 115 1752 228 1816; x_wconf 86' lang='lat' dir='ltr'>adacta</span> <span class='ocrx_word' id='word_1_124' title='bbox 248 1751 414 1817; x_wconf 89' lang='lat' dir='ltr'>interram</span> <span class='ocrx_word' id='word_1_125' title='bbox 434 1752 468 1817; x_wconf 93' lang='lat' dir='ltr'>in</span> <span class='ocrx_word' id='word_1_126' title='bbox 482 1753 680 1839; x_wconf 86' lang='lat' dir='ltr'>palustribus</span> <span class='ocrx_word' id='word_1_127' title='bbox 695 1754 787 1819; x_wconf 88' lang='lat' dir='ltr'>alnus</span> <span class='ocrx_word' id='word_1_128' title='bbox 803 1766 934 1839; x_wconf 80' lang='lat' dir='ltr'>aeterna</span> <span class='ocrx_word' id='word_1_129' title='bbox 948 1755 1114 1839; x_wconf 90' lang='lat' dir='ltr'>onerisque</span> <span class='ocrx_word' id='word_1_130' title='bbox 1130 1775 1231 1838; x_wconf 88' lang='lat' dir='ltr'>quan-</span> 
     </span>
     <span class='ocr_line' id='line_1_16' title="bbox 116 1852 1233 1937; baseline -0.001 -20"><span class='ocrx_word' id='word_1_131' title='bbox 116 1852 217 1917; x_wconf 89' lang='lat' dir='ltr'>tilibet</span> <span class='ocrx_word' id='word_1_132' title='bbox 237 1852 374 1937; x_wconf 88' lang='lat' dir='ltr'>patiens,</span> <span class='ocrx_word' id='word_1_133' title='bbox 402 1876 530 1919; x_wconf 89' lang='lat' dir='ltr'>cerasus</span> <span class='ocrx_word' id='word_1_134' title='bbox 550 1854 653 1932; x_wconf 87' lang='lat' dir='ltr'>firma,</span> <span class='ocrx_word' id='word_1_135' title='bbox 681 1855 786 1919; x_wconf 91' lang='lat' dir='ltr'>ulmus</span> <span class='ocrx_word' id='word_1_136' title='bbox 810 1867 841 1920; x_wconf 93' lang='lat' dir='ltr'>et</span> <span class='ocrx_word' id='word_1_137' title='bbox 861 1856 1006 1920; x_wconf 82' lang='lat' dir='ltr'>fraxinus</span> <span class='ocrx_word' id='word_1_138' title='bbox 1027 1855 1144 1933; x_wconf 85' lang='lat' dir='ltr'>lentae,</span> <span class='ocrx_word' id='word_1_139' title='bbox 1175 1852 1233 1917; x_wconf 93' lang='lat' dir='ltr'>sed</span> 
     </span>
     <span class='ocr_line' id='line_1_17' title="bbox 115 1954 1234 2040; baseline -0.002 -22"><span class='ocrx_word' id='word_1_140' title='bbox 115 1955 205 2020; x_wconf 88' lang='lat' dir='ltr'>facile</span> <span class='ocrx_word' id='word_1_141' title='bbox 232 1955 431 2040; x_wconf 88' lang='lat' dir='ltr'>pandantur,</span> <span class='ocrx_word' id='word_1_142' title='bbox 464 1954 587 2019; x_wconf 85' lang='lat' dir='ltr'>flexiles</span> <span class='ocrx_word' id='word_1_143' title='bbox 615 1965 720 2018; x_wconf 87' lang='lat' dir='ltr'>tamen</span> <span class='ocrx_word' id='word_1_144' title='bbox 753 1965 933 2038; x_wconf 88' lang='lat' dir='ltr'>stantesque</span> <span class='ocrx_word' id='word_1_145' title='bbox 960 1978 980 2019; x_wconf 88' lang='lat' dir='ltr'>a</span> <span class='ocrx_word' id='word_1_146' title='bbox 1008 1954 1234 2020; x_wconf 87' lang='lat' dir='ltr'>circumcisura</span> 
     </span>
     <span class='ocr_line' id='line_1_18' title="bbox 117 2053 1234 2122; baseline -0.004 -1"><span class='ocrx_word' id='word_1_147' title='bbox 117 2056 252 2122; x_wconf 88' lang='lat' dir='ltr'>siccatae</span> <span class='ocrx_word' id='word_1_148' title='bbox 273 2056 442 2122; x_wconf 90' lang='lat' dir='ltr'>fideliores.</span> <span class='ocrx_word' id='word_1_149' title='bbox 478 2056 627 2120; x_wconf 91' lang='lat' dir='ltr'>Laricem</span> <span class='ocrx_word' id='word_1_150' title='bbox 654 2057 687 2119; x_wconf 92' lang='lat' dir='ltr'>in</span> <span class='ocrx_word' id='word_1_151' title='bbox 715 2055 884 2120; x_wconf 90' lang='lat' dir='ltr'>maritimis</span> <span class='ocrx_word' id='word_1_152' title='bbox 905 2055 1040 2120; x_wconf 87' lang='lat' dir='ltr'>navibus</span> <span class='ocrx_word' id='word_1_153' title='bbox 1064 2053 1234 2120; x_wconf 89' lang='lat' dir='ltr'>obnoxiam</span> 
     </span>
     <span class='ocr_line' id='line_1_19' title="bbox 116 2155 1233 2243; baseline -0.003 -22"><span class='ocrx_word' id='word_1_154' title='bbox 116 2158 250 2223; x_wconf 89' lang='lat' dir='ltr'>teredini</span> <span class='ocrx_word' id='word_1_155' title='bbox 273 2157 404 2224; x_wconf 90' lang='lat' dir='ltr'>tradunt</span> <span class='ocrx_word' id='word_1_156' title='bbox 424 2157 596 2240; x_wconf 88' lang='lat' dir='ltr'>omniaque</span> <span class='ocrx_word' id='word_1_157' title='bbox 616 2168 838 2243; x_wconf 89' lang='lat' dir='ltr'>praeterquam</span> <span class='ocrx_word' id='word_1_158' title='bbox 864 2158 1038 2223; x_wconf 85' lang='lat' dir='ltr'>oleastrum</span> <span class='ocrx_word' id='word_1_159' title='bbox 1059 2166 1091 2220; x_wconf 89' lang='lat' dir='ltr'>et</span> <span class='ocrx_word' id='word_1_160' title='bbox 1117 2155 1233 2228; x_wconf 82' lang='lat' dir='ltr'>oleam3</span> 
     </span>
     <span class='ocr_line' id='line_1_20' title="bbox 116 2254 1233 2344; baseline -0.004 -22"><span class='ocrx_word' id='word_1_161' title='bbox 116 2258 271 2342; x_wconf 90' lang='lat' dir='ltr'>quaedam</span> <span class='ocrx_word' id='word_1_162' title='bbox 294 2258 432 2323; x_wconf 89' lang='lat' dir='ltr'>enimin</span> <span class='ocrx_word' id='word_1_163' title='bbox 447 2257 538 2335; x_wconf 90' lang='lat' dir='ltr'>mari,</span> <span class='ocrx_word' id='word_1_164' title='bbox 559 2257 717 2341; x_wconf 89' lang='lat' dir='ltr'>quaedam</span> <span class='ocrx_word' id='word_1_165' title='bbox 735 2257 867 2322; x_wconf 85' lang='lat' dir='ltr'>interra</span> <span class='ocrx_word' id='word_1_166' title='bbox 888 2257 975 2322; x_wconf 88' lang='lat' dir='ltr'>vitiis</span> <span class='ocrx_word' id='word_1_167' title='bbox 997 2254 1233 2344; x_wconf 88' lang='lat' dir='ltr'>opportuniora.</span> 
     </span>
     <span class='ocr_line' id='line_1_21' title="bbox 156 2356 1298 2446; baseline -0.002 -24"><span class='ocrx_word' id='word_1_168' title='bbox 156 2358 253 2423; x_wconf 89' lang='lat' dir='ltr'>XLI.</span> <span class='ocrx_word' id='word_1_169' title='bbox 278 2360 329 2423; x_wconf 87' lang='lat'>80.</span> <span class='ocrx_word' id='word_1_170' title='bbox 352 2358 573 2423; x_wconf 85' lang='lat' dir='ltr'>Infestantium</span> <span class='ocrx_word' id='word_1_171' title='bbox 595 2369 745 2443; x_wconf 88' lang='lat' dir='ltr'>quattuor</span> <span class='ocrx_word' id='word_1_172' title='bbox 766 2381 894 2446; x_wconf 82' lang='lat' dir='ltr'>genera.</span> <span class='ocrx_word' id='word_1_173' title='bbox 930 2358 1105 2423; x_wconf 84' lang='lat' dir='ltr'>Teredines</span> <span class='ocrx_word' id='word_1_174' title='bbox 1128 2356 1233 2443; x_wconf 88' lang='lat' dir='ltr'>capite</span> <span class='ocrx_word' id='word_1_175' title='bbox 1247 2370 1298 2416; x_wconf 76' lang='lat'>2²⁰</span> 
     </span>
     <span class='ocr_line' id='line_1_22' title="bbox 117 2456 1234 2546; baseline -0.003 -23"><span class='ocrx_word' id='word_1_176' title='bbox 117 2460 156 2523; x_wconf 84' lang='lat' dir='ltr'>ed</span> <span class='ocrx_word' id='word_1_177' title='bbox 170 2458 350 2545; x_wconf 88' lang='lat' dir='ltr'>portionem</span> <span class='ocrx_word' id='word_1_178' title='bbox 363 2459 555 2546; x_wconf 85' lang='lat' dir='ltr'>gravissimo</span> <span class='ocrx_word' id='word_1_179' title='bbox 569 2459 686 2524; x_wconf 92' lang='lat' dir='ltr'>rodunt</span> <span class='ocrx_word' id='word_1_180' title='bbox 701 2458 868 2536; x_wconf 89' lang='lat' dir='ltr'>dentibus;</span> <span class='ocrx_word' id='word_1_181' title='bbox 890 2460 951 2525; x_wconf 92' lang='lat' dir='ltr'>hae</span> <span class='ocrx_word' id='word_1_182' title='bbox 966 2469 1088 2524; x_wconf 90' lang='lat' dir='ltr'>tantum</span> <span class='ocrx_word' id='word_1_183' title='bbox 1103 2458 1138 2522; x_wconf 92' lang='lat' dir='ltr'>in</span> <span class='ocrx_word' id='word_1_184' title='bbox 1152 2456 1234 2521; x_wconf 88' lang='lat' dir='ltr'>mari</span> 
     </span>
     <span class='ocr_line' id='line_1_23' title="bbox 118 2559 1241 2647; baseline -0.002 -23"><span class='ocrx_word' id='word_1_185' title='bbox 118 2561 305 2638; x_wconf 88' lang='lat' dir='ltr'>sentiuntur,</span> <span class='ocrx_word' id='word_1_186' title='bbox 334 2582 394 2624; x_wconf 92' lang='lat' dir='ltr'>nec</span> <span class='ocrx_word' id='word_1_187' title='bbox 416 2559 510 2624; x_wconf 86' lang='lat' dir='ltr'>aliam</span> <span class='ocrx_word' id='word_1_188' title='bbox 531 2570 645 2646; x_wconf 88' lang='lat' dir='ltr'>putant</span> <span class='ocrx_word' id='word_1_189' title='bbox 672 2561 847 2625; x_wconf 89' lang='lat' dir='ltr'>teredinem</span> <span class='ocrx_word' id='word_1_190' title='bbox 868 2561 994 2647; x_wconf 90' lang='lat' dir='ltr'>proprie</span> <span class='ocrx_word' id='word_1_191' title='bbox 1021 2559 1102 2635; x_wconf 86' lang='lat' dir='ltr'>dici3</span> <span class='ocrx_word' id='word_1_192' title='bbox 1132 2572 1241 2639; x_wconf 51' lang='lat' dir='ltr'>terreg</span> 
     </span>
     <span class='ocr_line' id='line_1_24' title="bbox 118 2657 1233 2745; baseline -0.005 -19"><span class='ocrx_word' id='word_1_193' title='bbox 118 2661 190 2726; x_wconf 92' lang='lat' dir='ltr'>stris</span> <span class='ocrx_word' id='word_1_194' title='bbox 213 2660 316 2725; x_wconf 90' lang='lat' dir='ltr'>tineas</span> <span class='ocrx_word' id='word_1_195' title='bbox 337 2669 460 2739; x_wconf 85' lang='lat' dir='ltr'>vocant,</span> <span class='ocrx_word' id='word_1_196' title='bbox 488 2661 645 2726; x_wconf 89' lang='lat' dir='ltr'>culicibus</span> <span class='ocrx_word' id='word_1_197' title='bbox 673 2684 749 2726; x_wconf 87' lang='lat' dir='ltr'>vero</span> <span class='ocrx_word' id='word_1_198' title='bbox 772 2660 882 2725; x_wconf 91' lang='lat' dir='ltr'>similis</span> <span class='ocrx_word' id='word_1_199' title='bbox 905 2661 1035 2745; x_wconf 85' lang='lat' dir='ltr'>thripas.</span> <span class='ocrx_word' id='word_1_200' title='bbox 1072 2657 1233 2738; x_wconf 83' lang='lat' dir='ltr'>Quartum</span> 
     </span>
     <span class='ocr_line' id='line_1_25' title="bbox 117 2760 1234 2849; baseline -0.004 -24"><span class='ocrx_word' id='word_1_201' title='bbox 117 2772 165 2827; x_wconf 90' lang='lat' dir='ltr'>est</span> <span class='ocrx_word' id='word_1_202' title='bbox 195 2772 227 2827; x_wconf 90' lang='lat' dir='ltr'>et</span> <span class='ocrx_word' id='word_1_203' title='bbox 261 2783 279 2827; x_wconf 93' lang='lat' dir='ltr'>e</span> <span class='ocrx_word' id='word_1_204' title='bbox 311 2762 556 2827; x_wconf 90' lang='lat' dir='ltr'>vermiculorum</span> <span class='ocrx_word' id='word_1_205' title='bbox 587 2783 722 2849; x_wconf 87' lang='lat' dir='ltr'>genere,</span> <span class='ocrx_word' id='word_1_206' title='bbox 757 2772 789 2824; x_wconf 92' lang='lat' dir='ltr'>et</span> <span class='ocrx_word' id='word_1_207' title='bbox 817 2783 927 2826; x_wconf 90' lang='lat' dir='ltr'>eorum</span> <span class='ocrx_word' id='word_1_208' title='bbox 953 2760 1006 2825; x_wconf 90' lang='lat' dir='ltr'>alii</span> <span class='ocrx_word' id='word_1_209' title='bbox 1032 2768 1234 2845; x_wconf 88' lang='lat' dir='ltr'>putrescente</span> 
     </span>
     <span class='ocr_line' id='line_1_26' title="bbox 118 2853 1233 2949; baseline -0.005 -21"><span class='ocrx_word' id='word_1_210' title='bbox 118 2885 192 2928; x_wconf 87' lang='lat' dir='ltr'>suco</span> <span class='ocrx_word' id='word_1_211' title='bbox 217 2864 291 2948; x_wconf 85' lang='lat' dir='ltr'>ipsu</span> <span class='ocrx_word' id='word_1_212' title='bbox 316 2863 462 2942; x_wconf 84' lang='lat' dir='ltr'>materie,</span> <span class='ocrx_word' id='word_1_213' title='bbox 496 2853 550 2928; x_wconf 88' lang='lat' dir='ltr'>alii</span> <span class='ocrx_word' id='word_1_214' title='bbox 574 2863 745 2949; x_wconf 89' lang='lat' dir='ltr'>pariuntur</span> <span class='ocrx_word' id='word_1_215' title='bbox 771 2861 854 2927; x_wconf 90' lang='lat' dir='ltr'>sicut</span> <span class='ocrx_word' id='word_1_216' title='bbox 879 2861 914 2926; x_wconf 92' lang='lat' dir='ltr'>in</span> <span class='ocrx_word' id='word_1_217' title='bbox 941 2860 1107 2925; x_wconf 90' lang='lat' dir='ltr'>arboribus</span> <span class='ocrx_word' id='word_1_218' title='bbox 1134 2880 1175 2923; x_wconf 89' lang='lat' dir='ltr'>ex</span> <span class='ocrx_word' id='word_1_219' title='bbox 1196 2880 1233 2923; x_wconf 90' lang='lat' dir='ltr'>eo</span> 
     </span>
    </p>
   </div>
   <div class='ocr_carea' id='block_1_3' title="bbox 118 3027 1233 3299">
    <p class='ocr_par' dir='ltr' id='par_1_3' title="bbox 118 3027 1233 3235">
     <span class='ocr_line' id='line_1_27' title="bbox 118 3027 1233 3101; baseline -0.003 -18"><span class='ocrx_word' id='word_1_220' title='bbox 118 3033 149 3096; x_wconf 82' lang='lat' dir='ltr'>id,</span> <span class='ocrx_word' id='word_1_221' title='bbox 164 3027 296 3086; x_wconf 74' lang='lat' dir='ltr'>ODTao.</span> <span class='ocrx_word' id='word_1_222' title='bbox 323 3035 433 3099; x_wconf 78' lang='lat' dir='ltr'>infraque</span> <span class='ocrx_word' id='word_1_223' title='bbox 450 3035 560 3100; x_wconf 82' lang='lat' dir='ltr'>oppidum</span> <span class='ocrx_word' id='word_1_224' title='bbox 578 3037 653 3100; x_wconf 80' lang='lat' dir='ltr'>ipsum</span> <span class='ocrx_word' id='word_1_225' title='bbox 671 3034 705 3097; x_wconf 81' lang='lat' dir='ltr'>id,</span> <span class='ocrx_word' id='word_1_226' title='bbox 721 3032 774 3101; x_wconf 77' lang='grc' dir='ltr'>βγ.</span> <span class='ocrx_word' id='word_1_227' title='bbox 792 3076 823 3084; x_wconf 90' lang='grc'>..</span> <span class='ocrx_word' id='word_1_228' title='bbox 842 3033 936 3093; x_wconf 79' lang='lat' dir='ltr'>labent,</span> <span class='ocrx_word' id='word_1_229' title='bbox 959 3031 1004 3091; x_wconf 84' lang='lat' dir='ltr'>eui,</span> <span class='ocrx_word' id='word_1_230' title='bbox 1020 3033 1056 3081; x_wconf 86' lang='lat' dir='ltr'>ita</span> <span class='ocrx_word' id='word_1_231' title='bbox 1071 3046 1121 3082; x_wconf 90' lang='lat' dir='ltr'>nos</span> <span class='ocrx_word' id='word_1_232' title='bbox 1135 3032 1233 3094; x_wconf 83' lang='lat' dir='ltr'>scripsi-</span> 
     </span>
     <span class='ocr_line' id='line_1_28' title="bbox 118 3094 1232 3164; baseline -0.002 -14"><span class='ocrx_word' id='word_1_233' title='bbox 118 3117 179 3153; x_wconf 85' lang='lat' dir='ltr'>mus.</span> <span class='ocrx_word' id='word_1_234' title='bbox 202 3101 300 3151; x_wconf 77' lang='lat' dir='ltr'>labente</span> <span class='ocrx_word' id='word_1_235' title='bbox 312 3103 344 3163; x_wconf 83' lang='lat' dir='ltr'>ui,</span> <span class='ocrx_word' id='word_1_236' title='bbox 355 3106 389 3155; x_wconf 92' lang='lat' dir='ltr'>D.</span> <span class='ocrx_word' id='word_1_237' title='bbox 413 3103 513 3152; x_wconf 68' lang='lat' dir='ltr'>labenti</span> <span class='ocrx_word' id='word_1_238' title='bbox 535 3101 621 3164; x_wconf 79' lang='lat' dir='ltr'>Cui,a.</span> <span class='ocrx_word' id='word_1_239' title='bbox 645 3103 750 3151; x_wconf 78' lang='lat' dir='ltr'>bobertte.</span> <span class='ocrx_word' id='word_1_240' title='bbox 771 3100 822 3163; x_wconf 78' lang='lat' dir='ltr'>Oui,</span> <span class='ocrx_word' id='word_1_241' title='bbox 837 3094 866 3150; x_wconf 85' lang='grc' dir='ltr'><strong>θ.</strong></span> <span class='ocrx_word' id='word_1_242' title='bbox 889 3097 984 3148; x_wconf 79' lang='lat' dir='ltr'>habena.</span> <span class='ocrx_word' id='word_1_243' title='bbox 1005 3097 1054 3160; x_wconf 80' lang='lat' dir='ltr'>Oai,</span> <span class='ocrx_word' id='word_1_244' title='bbox 1068 3100 1121 3148; x_wconf 91' lang='lat' dir='ltr'>Td.</span> <span class='ocrx_word' id='word_1_245' title='bbox 1145 3097 1232 3148; x_wconf 76' lang='lat' dir='ltr'>baberi.</span> 
     </span>
     <span class='ocr_line' id='line_1_29' title="bbox 122 3165 480 3235; baseline 0.006 -18"><span class='ocrx_word' id='word_1_246' title='bbox 122 3166 168 3229; x_wconf 78' lang='lat' dir='ltr'>Cui,</span> <span class='ocrx_word' id='word_1_247' title='bbox 186 3165 238 3235; x_wconf 73' lang='grc' dir='ltr'>βγ.</span> <span class='ocrx_word' id='word_1_248' title='bbox 258 3211 290 3219; x_wconf 80' lang='grc'><strong>-</strong></span> <span class='ocrx_word' id='word_1_249' title='bbox 307 3171 444 3232; x_wconf 79' lang='lat' dir='ltr'>etiamnunc,</span> <span class='ocrx_word' id='word_1_250' title='bbox 456 3186 480 3219; x_wconf 85' lang='lat' dir='ltr'>a.</span> 
     </span>
    </p>

    <p class='ocr_par' dir='ltr' id='par_1_4' title="bbox 150 3229 1232 3299">
     <span class='ocr_line' id='line_1_30' title="bbox 150 3229 1232 3299; baseline -0.006 -11"><span class='ocrx_word' id='word_1_251' title='bbox 150 3236 235 3297; x_wconf 66' lang='lat'>5217.</span> <span class='ocrx_word' id='word_1_252' title='bbox 253 3245 418 3297; x_wconf 82' lang='lat' dir='ltr'>memorantur,</span> <span class='ocrx_word' id='word_1_253' title='bbox 435 3255 458 3287; x_wconf 89' lang='lat' dir='ltr'>a.</span> <span class='ocrx_word' id='word_1_254' title='bbox 481 3277 512 3286; x_wconf 85' lang='lat'>..</span> <span class='ocrx_word' id='word_1_255' title='bbox 530 3235 606 3296; x_wconf 70' lang='lat' dir='ltr'>aeda,</span> <span class='ocrx_word' id='word_1_256' title='bbox 622 3237 659 3284; x_wconf 87' lang='lat' dir='ltr'>ita</span> <span class='ocrx_word' id='word_1_257' title='bbox 673 3251 721 3286; x_wconf 92' lang='lat' dir='ltr'>nos</span> <span class='ocrx_word' id='word_1_258' title='bbox 736 3235 888 3299; x_wconf 90' lang='lat' dir='ltr'>scripsimus.</span> <span class='ocrx_word' id='word_1_259' title='bbox 906 3233 954 3296; x_wconf 78' lang='lat' dir='ltr'>elie,</span> <span class='ocrx_word' id='word_1_260' title='bbox 971 3238 1015 3285; x_wconf 87' lang='lat' dir='ltr'>ad.</span> <span class='ocrx_word' id='word_1_261' title='bbox 1042 3233 1112 3284; x_wconf 81' lang='lat' dir='ltr'>aedes</span> <span class='ocrx_word' id='word_1_262' title='bbox 1127 3233 1165 3296; x_wconf 81' lang='lat' dir='ltr'>in,</span> <span class='ocrx_word' id='word_1_263' title='bbox 1181 3229 1232 3298; x_wconf 77' lang='grc' dir='ltr'>βγ,</span> 
     </span>
    </p>
   </div>
   <div class='ocr_carea' id='block_1_4' title="bbox 121 3299 1233 3432">
    <p class='ocr_par' dir='ltr' id='par_1_5' title="bbox 121 3299 1233 3432">
     <span class='ocr_line' id='line_1_31' title="bbox 121 3299 1233 3432; baseline -0.003 -80"><span class='ocrx_word' id='word_1_264' title='bbox 121 3303 175 3354; x_wconf 80' lang='lat' dir='ltr'>vid.</span> <span class='ocrx_word' id='word_1_265' title='bbox 184 3311 225 3366; x_wconf 82' lang='grc'>36,</span> <span class='ocrx_word' id='word_1_266' title='bbox 238 3308 293 3355; x_wconf 93' lang='grc'><strong>177.</strong></span> <span class='ocrx_word' id='word_1_267' title='bbox 304 3346 335 3354; x_wconf 84' lang='grc'><strong>-</strong></span> <span class='ocrx_word' id='word_1_268' title='bbox 347 3303 456 3364; x_wconf 76' lang='lat' dir='ltr'>saeculis,</span> <span class='ocrx_word' id='word_1_269' title='bbox 468 3319 491 3354; x_wconf 90' lang='lat' dir='ltr'>a.</span> <span class='ocrx_word' id='word_1_270' title='bbox 509 3302 610 3352; x_wconf 64' lang='lat' dir='ltr'>saecula</span> <span class='ocrx_word' id='word_1_271' title='bbox 620 3301 718 3366; x_wconf 77' lang='lat' dir='ltr'>aliquot,</span> <span class='ocrx_word' id='word_1_272' title='bbox 731 3299 802 3432; x_wconf 48' lang='lat' dir='ltr'>dep.</span> <span class='ocrx_word' id='word_1_273' title='bbox 819 3304 853 3353; x_wconf 93' lang='lat' dir='ltr'>V.</span> <span class='ocrx_word' id='word_1_274' title='bbox 865 3311 920 3352; x_wconf 83' lang='lat' dir='ltr'>ante</span> <span class='ocrx_word' id='word_1_275' title='bbox 929 3301 1026 3353; x_wconf 80' lang='lat' dir='ltr'>saecula</span> <span class='ocrx_word' id='word_1_276' title='bbox 1037 3309 1078 3364; x_wconf 81' lang='grc'>34,</span> <span class='ocrx_word' id='word_1_277' title='bbox 1092 3308 1115 3353; x_wconf 89' lang='grc'>7.</span> <span class='ocrx_word' id='word_1_278' title='bbox 1127 3343 1158 3351; x_wconf 90' lang='grc'><strong>..</strong></span> <span class='ocrx_word' id='word_1_279' title='bbox 1176 3318 1233 3364; x_wconf 81' lang='lat' dir='ltr'>quo·</span> 
     </span>
    </p>
   </div>
   <div class='ocr_carea' id='block_1_5' title="bbox 99 3368 1234 4243">
    <p class='ocr_par' dir='ltr' id='par_1_6' title="bbox 121 3368 1232 3571">
     <span class='ocr_line' id='line_1_32' title="bbox 122 3368 1232 3436; baseline -0.004 -17"><span class='ocrx_word' id='word_1_280' title='bbox 122 3385 274 3436; x_wconf 68' lang='lat' dir='ltr'>temperare,</span> <span class='ocrx_word' id='word_1_281' title='bbox 286 3374 310 3421; x_wconf 91' lang='lat' dir='ltr'>d.</span> <span class='ocrx_word' id='word_1_282' title='bbox 328 3376 480 3436; x_wconf 69' lang='lat' dir='ltr'>quayenerc,</span> <span class='ocrx_word' id='word_1_283' title='bbox 493 3388 517 3422; x_wconf 87' lang='lat' dir='ltr'>a.</span> <span class='ocrx_word' id='word_1_284' title='bbox 551 3371 644 3420; x_wconf 65' lang='lat' dir='ltr'>uentum</span> <span class='ocrx_word' id='word_1_285' title='bbox 654 3387 749 3435; x_wconf 74' lang='lat' dir='ltr'>penora,</span> <span class='ocrx_word' id='word_1_286' title='bbox 808 3369 886 3420; x_wconf 79' lang='lat' dir='ltr'>tluiaa</span> <span class='ocrx_word' id='word_1_287' title='bbox 901 3369 992 3435; x_wconf 76' lang='lat' dir='ltr'>quidem</span> <span class='ocrx_word' id='word_1_288' title='bbox 1007 3370 1100 3434; x_wconf 67' lang='lat' dir='ltr'>penetra</span> <span class='ocrx_word' id='word_1_289' title='bbox 1111 3368 1232 3427; x_wconf 83' lang='lat' dir='ltr'>materiae,</span> 
     </span>
     <span class='ocr_line' id='line_1_33' title="bbox 121 3435 1232 3502; baseline -0.005 -13"><span class='ocrx_word' id='word_1_290' title='bbox 121 3438 182 3489; x_wconf 85' lang='lat' dir='ltr'>Pint.</span> <span class='ocrx_word' id='word_1_291' title='bbox 200 3479 233 3490; x_wconf 90' lang='lat'>...</span> <span class='ocrx_word' id='word_1_292' title='bbox 249 3447 335 3502; x_wconf 85' lang='lat' dir='ltr'>potest,</span> <span class='ocrx_word' id='word_1_293' title='bbox 348 3443 393 3488; x_wconf 88' lang='lat' dir='ltr'>ad.</span> <span class='ocrx_word' id='word_1_294' title='bbox 408 3455 458 3502; x_wconf 82' lang='lat' dir='ltr'>per</span> <span class='ocrx_word' id='word_1_295' title='bbox 469 3446 510 3500; x_wconf 82' lang='lat' dir='ltr'>est,</span> <span class='ocrx_word' id='word_1_296' title='bbox 548 3475 555 3488; x_wconf 92' lang='lat'>.</span> <span class='ocrx_word' id='word_1_297' title='bbox 574 3480 605 3488; x_wconf 74' lang='grc'><strong>-</strong></span> <span class='ocrx_word' id='word_1_298' title='bbox 623 3438 702 3502; x_wconf 84' lang='lat' dir='ltr'>utique</span> <span class='ocrx_word' id='word_1_299' title='bbox 713 3454 780 3501; x_wconf 85' lang='lat' dir='ltr'>quoe,</span> <span class='ocrx_word' id='word_1_300' title='bbox 793 3455 816 3488; x_wconf 87' lang='lat' dir='ltr'>a.</span> <span class='ocrx_word' id='word_1_301' title='bbox 834 3446 860 3487; x_wconf 90' lang='lat' dir='ltr'>ut</span> <span class='ocrx_word' id='word_1_302' title='bbox 871 3455 983 3502; x_wconf 73' lang='lat' dir='ltr'>quaeque,</span> <span class='ocrx_word' id='word_1_303' title='bbox 995 3440 1019 3487; x_wconf 94' lang='lat' dir='ltr'>d.</span> <span class='ocrx_word' id='word_1_304' title='bbox 1034 3479 1066 3487; x_wconf 89' lang='lat'>..</span> <span class='ocrx_word' id='word_1_305' title='bbox 1084 3453 1125 3485; x_wconf 81' lang='lat' dir='ltr'>eas</span> <span class='ocrx_word' id='word_1_306' title='bbox 1136 3443 1165 3497; x_wconf 84' lang='lat' dir='ltr'>et,</span> <span class='ocrx_word' id='word_1_307' title='bbox 1177 3435 1232 3486; x_wconf 82' lang='lat' dir='ltr'>sal-</span> 
     </span>
     <span class='ocr_line' id='line_1_34' title="bbox 123 3499 1051 3571; baseline -0.003 -15"><span class='ocrx_word' id='word_1_308' title='bbox 123 3518 176 3556; x_wconf 78' lang='lat' dir='ltr'>mas.</span> <span class='ocrx_word' id='word_1_309' title='bbox 189 3521 272 3556; x_wconf 85' lang='lat' dir='ltr'>exerc.</span> <span class='ocrx_word' id='word_1_310' title='bbox 283 3523 308 3571; x_wconf 89' lang='lat' dir='ltr'>p.</span> <span class='ocrx_word' id='word_1_311' title='bbox 321 3513 362 3556; x_wconf 88' lang='grc'><strong>31.</strong></span> <span class='ocrx_word' id='word_1_312' title='bbox 374 3524 397 3556; x_wconf 91' lang='lat' dir='ltr'>a.</span> <span class='ocrx_word' id='word_1_313' title='bbox 409 3507 440 3555; x_wconf 92' lang='lat' dir='ltr'>B.</span> <span class='ocrx_word' id='word_1_314' title='bbox 458 3503 487 3554; x_wconf 79' lang='lat' dir='ltr'>eu</span> <span class='ocrx_word' id='word_1_315' title='bbox 497 3505 545 3566; x_wconf 82' lang='lat' dir='ltr'>sed,</span> <span class='ocrx_word' id='word_1_316' title='bbox 558 3509 596 3556; x_wconf 88' lang='lat' dir='ltr'>ad</span> <span class='ocrx_word' id='word_1_317' title='bbox 608 3503 695 3568; x_wconf 92' lang='lat' dir='ltr'>(codd.</span> <span class='ocrx_word' id='word_1_318' title='bbox 708 3504 827 3568; x_wconf 86' lang='lat' dir='ltr'>Salmas.)</span> <span class='ocrx_word' id='word_1_319' title='bbox 845 3522 893 3567; x_wconf 82' lang='lat' dir='ltr'>ena,</span> <span class='ocrx_word' id='word_1_320' title='bbox 906 3499 934 3555; x_wconf 84' lang='grc' dir='ltr'><strong>θ.</strong></span> <span class='ocrx_word' id='word_1_321' title='bbox 953 3521 988 3565; x_wconf 84' lang='lat' dir='ltr'>ea,</span> <span class='ocrx_word' id='word_1_322' title='bbox 1000 3500 1051 3569; x_wconf 73' lang='grc' dir='ltr'>βγ.</span> 
     </span>
    </p>

    <p class='ocr_par' dir='ltr' id='par_1_7' title="bbox 125 3572 1232 3772">
     <span class='ocr_line' id='line_1_35' title="bbox 152 3572 1231 3638; baseline -0.007 -14"><span class='ocrx_word' id='word_1_323' title='bbox 152 3576 234 3636; x_wconf 79' lang='lat' dir='ltr'>§ala</span> <span class='ocrx_word' id='word_1_324' title='bbox 253 3573 286 3634; x_wconf 83' lang='lat' dir='ltr'>A,</span> <span class='ocrx_word' id='word_1_325' title='bbox 300 3590 350 3623; x_wconf 92' lang='lat' dir='ltr'>om.</span> <span class='ocrx_word' id='word_1_326' title='bbox 364 3577 387 3624; x_wconf 92' lang='lat' dir='ltr'>d.</span> <span class='ocrx_word' id='word_1_327' title='bbox 404 3576 444 3625; x_wconf 83' lang='lat' dir='ltr'>De</span> <span class='ocrx_word' id='word_1_328' title='bbox 455 3590 482 3623; x_wconf 85' lang='lat' dir='ltr'>re</span> <span class='ocrx_word' id='word_1_329' title='bbox 493 3590 516 3623; x_wconf 78' lang='lat' dir='ltr'>r.</span> <span class='ocrx_word' id='word_1_330' title='bbox 529 3574 659 3638; x_wconf 86' lang='lat' dir='ltr'>Theophr.</span> <span class='ocrx_word' id='word_1_331' title='bbox 675 3575 692 3623; x_wconf 95' lang='lat' dir='ltr'>l.</span> <span class='ocrx_word' id='word_1_332' title='bbox 704 3575 722 3623; x_wconf 94' lang='lat' dir='ltr'>l.</span> <span class='ocrx_word' id='word_1_333' title='bbox 734 3575 767 3624; x_wconf 89' lang='lat' dir='ltr'>V.</span> <span class='ocrx_word' id='word_1_334' title='bbox 780 3580 803 3634; x_wconf 85' lang='lat'>4,</span> <span class='ocrx_word' id='word_1_335' title='bbox 816 3581 839 3623; x_wconf 81' lang='lat'>3.</span> <span class='ocrx_word' id='word_1_336' title='bbox 853 3574 986 3623; x_wconf 75' lang='lat' dir='ltr'>atVitruv.</span> <span class='ocrx_word' id='word_1_337' title='bbox 998 3572 1033 3621; x_wconf 92' lang='lat'>11.</span> <span class='ocrx_word' id='word_1_338' title='bbox 1047 3577 1070 3631; x_wconf 83' lang='grc'>9,</span> <span class='ocrx_word' id='word_1_339' title='bbox 1083 3577 1098 3621; x_wconf 83' lang='grc'><strong>8</strong></span> <span class='ocrx_word' id='word_1_340' title='bbox 1111 3585 1180 3633; x_wconf 87' lang='lat' dir='ltr'>seqq.</span> <span class='ocrx_word' id='word_1_341' title='bbox 1201 3609 1231 3616; x_wconf 83' lang='grc'><strong>-</strong></span> 
     </span>
     <span class='ocr_line' id='line_1_36' title="bbox 125 3632 1232 3705; baseline -0.004 -17"><span class='ocrx_word' id='word_1_342' title='bbox 125 3637 186 3688; x_wconf 70' lang='lat' dir='ltr'>cltum</span> <span class='ocrx_word' id='word_1_343' title='bbox 198 3649 323 3698; x_wconf 74' lang='lat' dir='ltr'>vetustate,</span> <span class='ocrx_word' id='word_1_344' title='bbox 335 3643 359 3690; x_wconf 89' lang='lat' dir='ltr'>d.</span> <span class='ocrx_word' id='word_1_345' title='bbox 378 3683 408 3690; x_wconf 84' lang='lat'><em>-</em></span> <span class='ocrx_word' id='word_1_346' title='bbox 430 3642 537 3705; x_wconf 82' lang='lat' dir='ltr'>prefata,</span> <span class='ocrx_word' id='word_1_347' title='bbox 549 3643 593 3690; x_wconf 90' lang='lat' dir='ltr'>ad.</span> <span class='ocrx_word' id='word_1_348' title='bbox 613 3683 644 3690; x_wconf 86' lang='grc'>..</span> <span class='ocrx_word' id='word_1_349' title='bbox 662 3642 732 3690; x_wconf 86' lang='lat' dir='ltr'>robur</span> <span class='ocrx_word' id='word_1_350' title='bbox 743 3639 860 3703; x_wconf 57' lang='lat' dir='ltr'>&amp;fossum</span> <span class='ocrx_word' id='word_1_351' title='bbox 872 3648 895 3688; x_wconf 89' lang='lat' dir='ltr'>et</span> <span class='ocrx_word' id='word_1_352' title='bbox 904 3641 928 3689; x_wconf 84' lang='lat' dir='ltr'>iu</span> <span class='ocrx_word' id='word_1_353' title='bbox 940 3639 1018 3703; x_wconf 79' lang='lat' dir='ltr'>cquis,</span> <span class='ocrx_word' id='word_1_354' title='bbox 1031 3653 1129 3701; x_wconf 71' lang='lat' dir='ltr'>quereus</span> <span class='ocrx_word' id='word_1_355' title='bbox 1140 3632 1232 3694; x_wconf 78' lang='lat' dir='ltr'>obruta&#39;,</span> 
     </span>
     <span class='ocr_line' id='line_1_37' title="bbox 125 3702 730 3772; baseline 0.007 -19"><span class='ocrx_word' id='word_1_356' title='bbox 125 3702 183 3758; x_wconf 87' lang='lat' dir='ltr'>Pint.</span> <span class='ocrx_word' id='word_1_357' title='bbox 203 3749 234 3757; x_wconf 80' lang='lat'><em>-</em></span> <span class='ocrx_word' id='word_1_358' title='bbox 255 3707 333 3768; x_wconf 80' lang='lat' dir='ltr'>ulnus,</span> <span class='ocrx_word' id='word_1_359' title='bbox 346 3710 391 3757; x_wconf 89' lang='lat' dir='ltr'>ad.</span> <span class='ocrx_word' id='word_1_360' title='bbox 407 3707 515 3772; x_wconf 78' lang='lat' dir='ltr'>populus,</span> <span class='ocrx_word' id='word_1_361' title='bbox 527 3711 560 3759; x_wconf 88' lang='lat' dir='ltr'>K.</span> <span class='ocrx_word' id='word_1_362' title='bbox 580 3750 611 3757; x_wconf 83' lang='grc'><strong>-</strong></span> <span class='ocrx_word' id='word_1_363' title='bbox 629 3707 730 3770; x_wconf 63' lang='lat' dir='ltr'>laeua.</span> 
     </span>
    </p>

    <p class='ocr_par' dir='ltr' id='par_1_8' title="bbox 151 3771 1232 3839">
     <span class='ocr_line' id='line_1_38' title="bbox 151 3771 1232 3839; baseline -0.008 -13"><span class='ocrx_word' id='word_1_364' title='bbox 151 3776 164 3838; x_wconf 76' lang='grc'><strong>5</strong></span> <span class='ocrx_word' id='word_1_365' title='bbox 177 3781 234 3826; x_wconf 81' lang='lat'>219.</span> <span class='ocrx_word' id='word_1_366' title='bbox 254 3775 392 3839; x_wconf 81' lang='lat' dir='ltr'>impatiens.-</span> <span class='ocrx_word' id='word_1_367' title='bbox 408 3783 491 3824; x_wconf 81' lang='lat' dir='ltr'>matra</span> <span class='ocrx_word' id='word_1_368' title='bbox 500 3775 590 3824; x_wconf 80' lang='lat' dir='ltr'>adactu</span> <span class='ocrx_word' id='word_1_369' title='bbox 598 3775 623 3824; x_wconf 84' lang='lat' dir='ltr'>iu</span> <span class='ocrx_word' id='word_1_370' title='bbox 632 3783 704 3824; x_wconf 73' lang='lat' dir='ltr'>terra</span> <span class='ocrx_word' id='word_1_371' title='bbox 723 3773 753 3823; x_wconf 81' lang='lat' dir='ltr'>Io</span> <span class='ocrx_word' id='word_1_372' title='bbox 761 3773 915 3839; x_wconf 68' lang='lat' dir='ltr'>palustribus,</span> <span class='ocrx_word' id='word_1_373' title='bbox 926 3791 946 3823; x_wconf 93' lang='lat' dir='ltr'>r.</span> <span class='ocrx_word' id='word_1_374' title='bbox 960 3808 991 3828; x_wconf 59' lang='lat'>.,..</span> <span class='ocrx_word' id='word_1_375' title='bbox 1003 3771 1232 3836; x_wconf 79' lang='lat' dir='ltr'>panduntur,&#39;1&#39;ad.</span> 
     </span>
    </p>

    <p class='ocr_par' dir='ltr' id='par_1_9' title="bbox 111 3837 1232 4041">
     <span class='ocr_line' id='line_1_39' title="bbox 151 3837 1232 3906; baseline -0.007 -12"><span class='ocrx_word' id='word_1_376' title='bbox 151 3844 235 3905; x_wconf 60' lang='lat' dir='ltr'>§22st</span> <span class='ocrx_word' id='word_1_377' title='bbox 254 3841 429 3906; x_wconf 80' lang='lat' dir='ltr'>Infestotiuum,</span> <span class='ocrx_word' id='word_1_378' title='bbox 442 3845 496 3892; x_wconf 71' lang='lat' dir='ltr'>ad.</span> <span class='ocrx_word' id='word_1_379' title='bbox 507 3846 547 3893; x_wconf 86' lang='lat' dir='ltr'>De</span> <span class='ocrx_word' id='word_1_380' title='bbox 558 3858 585 3893; x_wconf 85' lang='lat' dir='ltr'>re</span> <span class='ocrx_word' id='word_1_381' title='bbox 596 3858 619 3892; x_wconf 87' lang='lat' dir='ltr'>v.</span> <span class='ocrx_word' id='word_1_382' title='bbox 632 3843 764 3906; x_wconf 82' lang='lat' dir='ltr'>Theopbr.</span> <span class='ocrx_word' id='word_1_383' title='bbox 777 3844 795 3891; x_wconf 92' lang='lat' dir='ltr'>l.</span> <span class='ocrx_word' id='word_1_384' title='bbox 807 3843 825 3890; x_wconf 88' lang='lat'>1.</span> <span class='ocrx_word' id='word_1_385' title='bbox 837 3841 870 3889; x_wconf 88' lang='lat' dir='ltr'>V.</span> <span class='ocrx_word' id='word_1_386' title='bbox 883 3847 908 3900; x_wconf 79' lang='lat'>4,</span> <span class='ocrx_word' id='word_1_387' title='bbox 920 3849 943 3890; x_wconf 78' lang='lat'>4.</span> <span class='ocrx_word' id='word_1_388' title='bbox 962 3883 991 3891; x_wconf 89' lang='lat'>-</span> <span class='ocrx_word' id='word_1_389' title='bbox 1016 3837 1146 3900; x_wconf 60' lang='lat' dir='ltr'>Terediaaie,</span> <span class='ocrx_word' id='word_1_390' title='bbox 1158 3853 1181 3887; x_wconf 78' lang='lat' dir='ltr'>a.</span> <span class='ocrx_word' id='word_1_391' title='bbox 1201 3879 1232 3886; x_wconf 81' lang='grc'>-</span> 
     </span>
     <span class='ocr_line' id='line_1_40' title="bbox 111 3907 1231 3973; baseline -0.008 -12"><span class='ocrx_word' id='word_1_392' title='bbox 111 3909 284 3971; x_wconf 64' lang='lat' dir='ltr'>arandam,</span> <span class='ocrx_word' id='word_1_393' title='bbox 299 3911 387 3960; x_wconf 89' lang='lat' dir='ltr'>Dalec.</span> <span class='ocrx_word' id='word_1_394' title='bbox 408 3952 438 3960; x_wconf 90' lang='lat'>..</span> <span class='ocrx_word' id='word_1_395' title='bbox 464 3909 580 3971; x_wconf 44' lang='lat' dir='ltr'>unbem</span> <span class='ocrx_word' id='word_1_396' title='bbox 600 3951 629 3961; x_wconf 80' lang='grc'>,.</span> <span class='ocrx_word' id='word_1_397' title='bbox 658 3909 793 3973; x_wconf 71' lang='grc' dir='ltr'><strong>11νίραε,(1.</strong></span> <span class='ocrx_word' id='word_1_398' title='bbox 821 3907 919 3971; x_wconf 70' lang='lat' dir='ltr'>thimeus,</span> <span class='ocrx_word' id='word_1_399' title='bbox 932 3925 954 3958; x_wconf 89' lang='lat' dir='ltr'>a.</span> <span class='ocrx_word' id='word_1_400' title='bbox 974 3949 1004 3957; x_wconf 88' lang='lat'>..</span> <span class='ocrx_word' id='word_1_401' title='bbox 1032 3907 1181 3966; x_wconf 82' lang='lat' dir='ltr'>Quarum,·a</span> <span class='ocrx_word' id='word_1_402' title='bbox 1200 3945 1231 3952; x_wconf 92' lang='grc'>..</span> 
     </span>
     <span class='ocr_line' id='line_1_41' title="bbox 111 3971 1232 4041; baseline -0.005 -15"><span class='ocrx_word' id='word_1_403' title='bbox 111 3980 150 4018; x_wconf 71' lang='lat'>‘⁸1</span> <span class='ocrx_word' id='word_1_404' title='bbox 161 3985 185 4026; x_wconf 85' lang='lat' dir='ltr'>et</span> <span class='ocrx_word' id='word_1_405' title='bbox 195 3994 216 4038; x_wconf 89' lang='lat' dir='ltr'>e,</span> <span class='ocrx_word' id='word_1_406' title='bbox 230 3979 254 4026; x_wconf 93' lang='lat' dir='ltr'>d.</span> <span class='ocrx_word' id='word_1_407' title='bbox 272 3985 297 4025; x_wconf 92' lang='lat' dir='ltr'>et</span> <span class='ocrx_word' id='word_1_408' title='bbox 304 3994 327 4037; x_wconf 85' lang='lat' dir='ltr'>a,</span> <span class='ocrx_word' id='word_1_409' title='bbox 340 3994 363 4028; x_wconf 88' lang='lat' dir='ltr'>a.</span> <span class='ocrx_word' id='word_1_410' title='bbox 381 3986 456 4038; x_wconf 78' lang='lat' dir='ltr'>estet,</span> <span class='ocrx_word' id='word_1_411' title='bbox 467 3979 500 4028; x_wconf 87' lang='lat' dir='ltr'>K.</span> <span class='ocrx_word' id='word_1_412' title='bbox 514 4017 540 4026; x_wconf 87' lang='lat'>..</span> <span class='ocrx_word' id='word_1_413' title='bbox 556 3977 640 4026; x_wconf 64' lang='lat' dir='ltr'>vennas</span> <span class='ocrx_word' id='word_1_414' title='bbox 650 3993 731 4041; x_wconf 72' lang='lat' dir='ltr'>persua,</span> <span class='ocrx_word' id='word_1_415' title='bbox 742 3977 815 4026; x_wconf 76' lang='grc' dir='ltr'>Κ..</span> <span class='ocrx_word' id='word_1_416' title='bbox 829 3983 852 4023; x_wconf 87' lang='lat' dir='ltr'>et</span> <span class='ocrx_word' id='word_1_417' title='bbox 863 3991 949 4036; x_wconf 86' lang='lat' dir='ltr'>eorum,</span> <span class='ocrx_word' id='word_1_418' title='bbox 960 3975 1051 4025; x_wconf 87' lang='lat' dir='ltr'>Tadr.</span> <span class='ocrx_word' id='word_1_419' title='bbox 1070 3987 1168 4037; x_wconf 85' lang='lat' dir='ltr'>quorum</span> <span class='ocrx_word' id='word_1_420' title='bbox 1180 3971 1232 4034; x_wconf 84' lang='lat' dir='ltr'>qui-</span> 
     </span>
    </p>

    <p class='ocr_par' dir='ltr' id='par_1_10' title="bbox 99 4031 1234 4243">
     <span class='ocr_line' id='line_1_42' title="bbox 105 4031 1234 4107; baseline -0.006 -14"><span class='ocrx_word' id='word_1_421' title='bbox 105 4031 175 4107; x_wconf 47' lang='grc' dir='ltr'>ψη,</span> <span class='ocrx_word' id='word_1_422' title='bbox 186 4040 216 4106; x_wconf 83' lang='grc' dir='ltr'><strong>β.</strong></span> <span class='ocrx_word' id='word_1_423' title='bbox 236 4086 267 4093; x_wconf 90' lang='grc'>..</span> <span class='ocrx_word' id='word_1_424' title='bbox 287 4061 349 4104; x_wconf 78' lang='lat' dir='ltr'>suco,</span> <span class='ocrx_word' id='word_1_425' title='bbox 362 4060 412 4094; x_wconf 88' lang='lat' dir='ltr'>om.</span> <span class='ocrx_word' id='word_1_426' title='bbox 424 4046 492 4095; x_wconf 86' lang='lat' dir='ltr'>Pint.</span> <span class='ocrx_word' id='word_1_427' title='bbox 509 4042 558 4093; x_wconf 79' lang='lat' dir='ltr'>atii</span> <span class='ocrx_word' id='word_1_428' title='bbox 567 4061 580 4093; x_wconf 87' lang='lat' dir='ltr'>e</span> <span class='ocrx_word' id='word_1_429' title='bbox 589 4051 734 4107; x_wconf 79' lang='lat' dir='ltr'>putrescente</span> <span class='ocrx_word' id='word_1_430' title='bbox 745 4042 853 4103; x_wconf 70' lang='lat' dir='ltr'>mauris,</span> <span class='ocrx_word' id='word_1_431' title='bbox 864 4041 910 4091; x_wconf 76' lang='lat' dir='ltr'>ata·</span> <span class='ocrx_word' id='word_1_432' title='bbox 921 4059 950 4092; x_wconf 78' lang='lat' dir='ltr'>eu</span> <span class='ocrx_word' id='word_1_433' title='bbox 961 4041 1017 4091; x_wconf 68' lang='lat' dir='ltr'>aliu</span> <span class='ocrx_word' id='word_1_434' title='bbox 1024 4041 1161 4104; x_wconf 81' lang='lat' dir='ltr'>pariuntur,</span> <span class='ocrx_word' id='word_1_435' title='bbox 1174 4037 1234 4087; x_wconf 69' lang='lat' dir='ltr'>rictu</span> 
     </span>
     <span class='ocr_line' id='line_1_43' title="bbox 102 4103 1232 4174; baseline -0.006 -14"><span class='ocrx_word' id='word_1_436' title='bbox 102 4111 137 4149; x_wconf 60' lang='grc' dir='ltr'>*ἢ</span> <span class='ocrx_word' id='word_1_437' title='bbox 156 4111 281 4160; x_wconf 72' lang='lat' dir='ltr'>orbentur</span> <span class='ocrx_word' id='word_1_438' title='bbox 297 4110 340 4174; x_wconf 81' lang='lat' dir='ltr'>qui</span> <span class='ocrx_word' id='word_1_439' title='bbox 353 4120 454 4160; x_wconf 76' lang='lat' dir='ltr'>cerastae</span> <span class='ocrx_word' id='word_1_440' title='bbox 470 4119 574 4171; x_wconf 86' lang='lat' dir='ltr'>uocatur,</span> <span class='ocrx_word' id='word_1_441' title='bbox 591 4113 677 4162; x_wconf 85' lang='lat' dir='ltr'>Dalee.</span> <span class='ocrx_word' id='word_1_442' title='bbox 698 4152 726 4159; x_wconf 76' lang='grc'><strong>-</strong></span> <span class='ocrx_word' id='word_1_443' title='bbox 754 4109 825 4171; x_wconf 66' lang='lat' dir='ltr'>aeut,</span> <span class='ocrx_word' id='word_1_444' title='bbox 842 4126 893 4160; x_wconf 89' lang='lat' dir='ltr'>om.</span> <span class='ocrx_word' id='word_1_445' title='bbox 910 4112 946 4159; x_wconf 74' lang='lat'>(1¹.</span> <span class='ocrx_word' id='word_1_446' title='bbox 967 4150 997 4159; x_wconf 81' lang='lat'>-</span> <span class='ocrx_word' id='word_1_447' title='bbox 1024 4103 1232 4156; x_wconf 70' lang='lat' dir='ltr'>arturianum</span> 
     </span>
     <span class='ocr_line' id='line_1_44' title="bbox 99 4177 441 4243; baseline 0.006 -18"><span class='ocrx_word' id='word_1_448' title='bbox 99 4177 159 4224; x_wconf 60' lang='grc' dir='ltr'><strong>Μ</strong></span> <span class='ocrx_word' id='word_1_449' title='bbox 170 4186 278 4243; x_wconf 74' lang='lat' dir='ltr'>cerastae</span> <span class='ocrx_word' id='word_1_450' title='bbox 289 4186 410 4239; x_wconf 78' lang='lat' dir='ltr'>vocantur,</span> <span class='ocrx_word' id='word_1_451' title='bbox 422 4195 441 4228; x_wconf 89' lang='lat' dir='ltr'>r.</span> 
     </span>
    </p>
   </div>
   <div class='ocr_carea' id='block_1_6' title="bbox 0 0 1387 4726">
    <p class='ocr_par' dir='ltr' id='par_1_11' title="bbox 0 0 1387 4726">
     <span class='ocr_line' id='line_1_45' title="bbox 0 0 1387 4726; baseline 0 0"><span class='ocrx_word' id='word_1_452' title='bbox 0 0 1387 4726; x_wconf 95' lang='lat' dir='ltr'> </span> 
     </span>
    </p>
   </div>
  </div>
 </body>
</html>
