2754 4726
127 287 189 350 144
478 298 681 346 urrumnrs
703 292 898 346 meronrsn

170 455 200 518 6.
221 452 272 516 Ac
298 451 437 536 primum
464 450 607 515 omnium
632 449 769 515 oraculis
790 449 912 513 maiore
937 469 978 512 ex
999 456 1091 531 parte
1112 466 1250 533 agemus
1263 467 1293 514 aa

124 575 209 637 quae
235 575 299 616 non
325 552 358 615 in
384 551 447 616 alio
473 551 557 616 vitae
585 571 704 635 genere
732 550 827 634 plura
853 547 1027 613 certiorave
1054 559 1139 614 sunt.
1176 547 1251 616 Cur

127 656 213 721 enim
240 677 305 720 non
340 640 510 718 videantur
544 651 672 717 oracula
700 673 720 715 a
746 648 925 716 certissimo
952 648 1005 713 die
1033 672 1250 736 maxumeque

125 755 266 821 veridico
288 776 349 819 usu
369 753 535 839 profecta?

168 855 210 921 V.
226 854 432 940 'Principium
454 863 561 918 autem
583 876 602 917 a
625 851 751 918 Catone
769 873 941 916 sumemus.
965 849 1171 929 „Fortissimi
1186 850 1249 919 viri
1262 871 1293 916 ao

126 969 160 1023 et
172 957 289 1022 milites
304 954 515 1021 strenuissimi
530 976 571 1018 ex
584 954 734 1040 agricolis
748 953 926 1041 gignuntur
942 951 1146 1038 minumeque
1164 954 1249 1021 male

124 1057 316 1147 cogitantes.
346 1055 520 1121 Praedium
541 1077 584 1120 ne
606 1054 722 1138 cupide
743 1076 842 1118 emas.
873 1053 914 1118 In
933 1076 969 1118 re
990 1055 1111 1120 rustica
1130 1077 1249 1141 operae

123 1182 166 1224 ne
192 1179 322 1245 pareas,
355 1156 389 1220 in
418 1178 497 1242 agro
525 1155 659 1221 emendo
686 1154 836 1219 minume.
873 1153 973 1235 Quod
999 1155 1081 1221 male
1102 1167 1249 1242 emptum

125 1272 190 1339 est,
215 1282 342 1344 semper
363 1258 514 1344 paenitet.
556 1258 685 1344 Agrum
705 1266 873 1342 paraturos
899 1267 974 1321 ante
1001 1255 1108 1322 omnia
1127 1255 1248 1321 intueri

123 1372 253 1446 oportet
273 1380 405 1444 aquam,
434 1357 536 1436 viam,
565 1359 738 1424 vicinum.''
772 1354 910 1443 Singula
930 1379 1066 1442 magnas
1085 1357 1247 1442 interpre-

124 1463 262 1528 tationes
275 1460 398 1535 habent
410 1481 471 1525 nec
490 1458 615 1524 dubias.
640 1456 722 1523 Cato
742 1459 777 1523 in
798 1458 1004 1523 conterminis
1025 1458 1087 1523 hoc
1107 1457 1247 1544 amplius
1260 1473 1293 1518 2⁷

124 1561 297 1629 aestumari
316 1561 420 1638 iubet,
442 1580 506 1643 quo
527 1570 622 1644 pacto
642 1559 780 1623 niteant:
803 1558 859 1634 „in
880 1557 965 1624 bona
986 1559 1108 1638 enim''‚
1129 1558 1247 1643 inquit,

123 1664 278 1751 „regione
297 1662 380 1728 bene
402 1659 539 1726 nitent.’'
561 1659 682 1723 Atilius
695 1658 843 1744 Regulus
863 1660 917 1724 ille
939 1657 1063 1725 Punico
1089 1660 1172 1725 bello
1193 1658 1247 1725 bis

124 1763 235 1829 consul
266 1762 373 1826 aiebat
403 1781 507 1844 neque
539 1757 775 1825 fecundissimis
802 1759 881 1825 locis
907 1759 1103 1827 insalubrem
1129 1782 1247 1847 agrum

120 1864 301 1951 parandum
334 1884 439 1946 neque
466 1860 571 1926 effetis
599 1859 852 1926 saluberrimum.
886 1859 1064 1928 Salubritas
1088 1862 1152 1928 loci
1179 1884 1245 1927 non
1273 1892 1276 1897 ·

124 1986 252 2050 semper
271 1961 446 2028 incolarum
468 1962 572 2027 colore
594 1960 769 2049 detegitur,
792 1961 942 2046 quoniam
961 1963 1086 2029 adsueti
1100 1963 1195 2028 etiam
1208 1963 1245 2028 in

122 2064 347 2153 pestilentibus
369 2063 495 2127 durant
527 2060 699 2127 Praeterea
726 2072 801 2127 sunt
822 2062 980 2146 quaedem
1000 2063 1146 2148 partibus
1167 2063 1246 2129 anni
1258 2077 1291 2122 28

123 2166 279 2242 salubria,
301 2163 381 2228 nihil
400 2173 508 2228 autem
529 2162 667 2227 salutare
682 2174 732 2228 est
745 2162 808 2228 nisi
824 2164 910 2246 quod
924 2174 993 2228 toto
1007 2186 1091 2228 anno
1105 2164 1245 2230 salubre.

121 2266 232 2331 Malus
253 2274 303 2330 est
322 2286 401 2350 ager
422 2284 495 2328 cum
516 2283 581 2346 quo
600 2262 749 2328 dominus
768 2264 917 2328 luctatur.
941 2260 1023 2329 Cato
1041 2264 1127 2331 inter
1139 2265 1247 2352 prima

121 2365 261 2454 spectari
287 2364 377 2429 iubet
412 2373 450 2429 ut
478 2362 580 2427 solum
606 2385 664 2428 sua
692 2363 811 2429 virtute
839 2364 943 2430 valeat
964 2387 1028 2449 qua
1049 2365 1246 2457 dictumest

122 2467 297 2552 positione,
324 2475 362 2528 ut
382 2464 601 2550 operariorum
623 2464 716 2551 copia
736 2488 836 2552 prope
859 2464 901 2530 sit
922 2466 1140 2552 oppidumque
1160 2467 1244 2533 vali·

123 2569 216 2645 dum,
238 2578 276 2630 ut
296 2564 500 2653 navigiorum
523 2575 655 2631 evectus
676 2566 727 2631 vel
747 2565 916 2645 itinerum,
939 2579 975 2631 ut
994 2567 1076 2633 bene
1090 2568 1243 2635 aedifica·

122 2678 175 2733 tus
196 2679 229 2733 et
250 2667 370 2744 crdtus,
399 2666 436 2729 in
456 2687 521 2750 quo
543 2665 612 2730 falli
632 2667 801 2752 plerosque
822 2667 935 2746 vide03
966 2670 1134 2757 segnitiem
1155 2669 1261 2736 enim.

120 2769 237 2855 prioris
252 2767 371 2833 domini
385 2789 444 2852 pro
459 2777 602 2853 emptore
622 2789 693 2832 esse
711 2767 919 2845 arbitrantur3
941 2769 1021 2834 nihil
1039 2781 1089 2837 est
1107 2771 1242 2837 damno-

122 2871 189 2936 sius
222 2870 348 2935 deserto
381 2891 470 2955 agro.
512 2868 627 2952 Itaque
658 2867 755 2948 (lato,
788 2869 829 2934 de
856 2869 940 2936 bono
967 2871 1095 2938 domino
1127 2871 1243 2938 melius
1255 2883 1289 2930 2⁰

120 2972 183 3037 emi
191 3020 200 3050 ,
223 2995 284 3036 nec
298 2983 414 3036 temere
429 2969 693 3035 contemnendam
708 2971 1075 3069 alienam-disciplinam,
1097 2993 1242 3060 agroque

155 3112 222 3172 §25-
245 3110 338 3173 maiori,
351 3113 375 3161 d.
394 3152 425 3159 ..
450 3111 523 3171 end.
550 3111 624 3172 e,a².
650 3110 723 3169 a‚a¹.
741 3150 772 3158 ..
796 3111 998 3174 promeritam.
1017 3152 1049 3162 ..
1072 3110 1123 3172 deo,
1134 3112 1202 3162 Pint.
1215 3119 1242 3161 et

120 3179 191 3240 Lips.
203 3179 275 3241 epist.
288 3187 383 3240 quaest.
397 3185 422 3238 2,
433 3185 457 3229 3.

154 3246 221 3306 §2⁶-
248 3244 567 3308 Fortissimi-ocqitcntea,
585 3255 644 3296 suut
660 3247 724 3295 haec
739 3246 765 3294 in
781 3245 880 3295 brevius
897 3255 1025 3297 contracta
1041 3262 1074 3296 ex
1090 3245 1146 3296 Cat
1163 3247 1195 3295 de
1212 3260 1241 3295 re
1268 3270 1272 3277 ·

120 3318 180 3360 rust.
196 3310 275 3373 praef.
292 3313 343 3373 §a
362 3351 393 3359 ..
417 3309 548 3360 Praedium
564 3327 646 3375 seqq,
663 3314 724 3361 item
741 3314 768 3361 in
783 3314 882 3362 brevius
900 3323 1028 3364 contracta
1045 3328 1078 3363 ex
1094 3313 1151 3363 Cat.
1168 3313 1200 3362 de
1211 3327 1241 3362 re

119 3385 181 3426 rust.
195 3383 216 3427 1.
236 3417 267 3425 ..
290 3392 367 3439 opere,
380 3393 403 3425 a.
425 3376 502 3438 operi,
515 3380 539 3426 d.
561 3377 664 3438 operari,
676 3381 707 3428 T.
727 3419 758 3427 ..
782 3395 869 3442 aquam
880 3380 951 3440 vium,
967 3382 1041 3430 codd.
1054 3382 1132 3431 Turn.
1144 3382 1201 3430 adv.
1216 3385 1240 3439 1,

120 3450 160 3494 20.
184 3460 270 3506 aquam
287 3443 341 3503 cim,
358 3444 403 3492 ad.
427 3443 611 3504 aquarumvim,
627 3439 656 3503 β.
679 3445 969 3511 V.Columell.13,3.
988 3489 1018 3498 ..
1043 3447 1239 3504 vidcumcodd.

119 3512 198 3560 Turn.
216 3519 258 3559 aut
269 3510 375 3570 ominum,
388 3511 432 3559 ad.
450 3517 473 3556 et
484 3508 594 3571 cidnum,
606 3505 656 3574 βγ.
676 3551 707 3558 ..
726 3510 816 3574 dubius,
828 3529 851 3563 a.

153 3582 221 3644 527.
242 3575 329 3627 Gutol.
343 3579 360 3626 l.
373 3579 388 3640 ς
401 3583 424 3626 2.
443 3616 474 3624 ..
493 3575 631 3638 aedmeri,
644 3580 668 3627 d.
682 3618 712 3626 -
731 3577 833 3642 ιιὶῑειιιιις
851 3597 897 3645 pro
910 3583 968 3632 inv.
1014 3583 1075 3632 bent
1086 3580 1182 3630 iubeant
1192 3583 1240 3632 ad.

120 3688 151 3695 ..
171 3647 238 3708 bona,
250 3646 303 3696 Τὰ.
322 3645 387 3705 bono,
401 3638 448 3691 θιι.
470 3684 496 3692 -
518 3643 586 3704 enim,
598 3645 672 3694 Tad.
690 3652 731 3707 att,
744 3640 794 3708 θβ.
813 3687 844 3697 ..
863 3648 964 3714 regione,
1005 3653 1029 3700 d.
1052 3642 1211 3714 reliqtbnao

119 3754 150 3763 ..
169 3713 249 3773 ciunt,
261 3714 292 3761 T.
311 3711 400 3773 nitenti,
416 3703 485 3761 ead.
503 3709 585 3771 nitere,
596 3707 626 3773 β.
1237 3767 1244 3780 ,

152 3782 219 3844 528.
243 3778 395 3842 ρανίίὁιιε,(ι.
422 3776 447 3824 in
460 3777 576 3840 partebus,
589 3780 643 3829 Td.
662 3820 694 3828 -
720 3779 867 3844 salubrem,
883 3775 912 3832 θ.
931 3824 962 3833 ..
988 3780 1165 3845 ctaolum‚ad.
1190 3798 1239 3831 noa

117 3845 199 3908 nolum,
212 3847 244 3896 K
263 3861 317 3894 num
328 3844 410 3905 solum,
427 3846 495 3895 Piut.
507 3854 533 3895 et
544 3848 688 3898 Pontedera
698 3849 823 3911 antiquitt.
840 3866 865 3914 p.
879 3853 928 3910 27„
945 3852 978 3901 ad
990 3850 1080 3901 Geton.
1094 3853 1164 3900 dere
1175 3857 1238 3900 rust.
1279 3854 1282 3861 '

120 3919 142 3975 1,
155 3921 179 3964 2.
198 3954 229 3963 -
253 3910 376 3974 vokatd.
403 3911 510 3975 oleata
537 3912 596 3977 alut,
614 3932 633 3966 r.
652 3956 684 3966 -
708 3913 795 3964 dictum
807 3922 946 3978 est17,36.
965 3959 996 3967 -
1025 3925 1051 3965 ut
1062 3919 1124 3977 benc,
1137 3921 1161 3967 d.
1189 3923 1238 3966 mn

118 3981 181 4041 bear,
193 3996 216 4030 a
236 4021 267 4030 ..
288 3979 420 4044 caputium,
433 3982 457 4028 d.
478 3981 584 4044 cognitio,
596 3998 619 4033 a.
638 4024 669 4033 -
692 3983 831 4045 arbitratur,
844 3987 889 4035 ad.
908 4026 939 4035 -
963 3983 1050 4034 (Ιαιιιιιο
1066 3984 1115 4034 eina
1131 3981 1238 4034 (Ιαινίιιι
1286 3998 1293 4011 ·

117 4063 183 4111 oper,
195 4063 218 4097 ιι.
239 4045 349 4111 dumpmo
361 4046 411 4096 eius
422 4045 536 4097 deserdm
547 4065 614 4114 apro,
626 4053 650 4102 d.
667 4051 715 4102 His
727 4066 760 4102 ex
771 4053 922 4103 lectionibus
934 4053 1056 4117 colligere
1067 4053 1135 4111 licet,
1147 4052 1238 4116 vulga·

116 4122 171 4164 tam
182 4116 329 4178 scripturam
339 4115 537 4178 interpolatione
548 4133 602 4168 non
612 4133 667 4169 esse
678 4133 794 4181 vacuam,
812 4126 837 4169 et
848 4118 922 4169 facile
934 4121 1005 4170 varia
1016 4119 1108 4170 eoniici
1119 4127 1238 4184 posaum.

117 4181 167 4232 Sed
179 4197 255 4245 supra
266 4182 449 4233 hariolationes
461 4184 504 4233 vix
516 4186 691 4248 progrediaris,
708 4193 733 4235 et
745 4201 802 4235 cnm
814 4188 939 4238 sententia
949 4188 1001 4237 loci
1012 4188 1057 4238 vix
1068 4202 1113 4251 per
1124 4201 1167 4238 eas
1178 4202 1237 4237 mu·

116 4258 189 4311 tetur,
207 4250 233 4300 in
245 4251 351 4313 vulgata
361 4251 502 4314 acquiesco.
1155 4269 1159 4273 ’
