2754 4726
165 293 206 356 64
477 336 480 341 -
514 306 717 355 nsruasnrs
739 301 933 355 mercarer

164 459 253 524 velut
279 469 348 525 arte
377 456 485 521 tonsili
507 479 598 522 coma
619 456 705 544 fagei
725 457 863 522 nemoris
869 482 878 534 3
906 458 940 520 in
961 456 1022 522 hoc
1042 447 1191 525 arborem
1210 459 1284 527 exi-

163 561 259 624 miam
291 569 394 624 aetate
423 567 532 622 nostra
557 559 675 623 amavit
701 557 874 622 Passienus
908 556 1044 644 Crispus
1075 559 1126 625 bis
1157 562 1285 639 mucul,
1369 554 1372 558 ⁴

163 671 285 739 orator,
318 658 520 745 Agrippinae
552 659 752 723 matrimonio
781 669 812 723 et
839 657 965 724 Nerone
991 659 1140 748 privigno
1166 661 1285 727 clarior

161 773 292 848 postea,
321 759 458 826 osculari
479 759 697 845 conplectique
720 781 790 824 eam
812 760 936 838 solitus,
958 782 1023 826 non
1043 760 1140 836 modo
1161 760 1283 828 cubare

162 864 222 928 sub
244 885 282 928 ea
305 862 476 945 vinumque
497 860 542 924 illi
564 860 752 925 adfundere.
776 858 893 925 Vicina
914 861 986 925 luco
1008 873 1056 926 est
1076 861 1142 927 ilex
1162 862 1283 949 etipse

161 965 275 1031 nobilis
296 984 403 1026 xxmv
425 961 543 1047 pedum
565 960 687 1026 ambitu
709 961 860 1038 caudiois,
882 984 906 1024 x
921 961 1052 1027 arbores
1066 961 1197 1029 mittens
1211 964 1281 1029 sin·

161 1065 254 1152 gulas
275 1061 503 1150 magnitudinis
525 1061 676 1126 visendae
698 1063 872 1145 silvamque
894 1063 961 1126 sola
983 1063 1115 1129 faciens.

204 1167 255 1230 92.
277 1163 410 1228 Hedera
431 1162 539 1227 necari
560 1162 691 1228 arbores
713 1173 835 1227 certum
858 1172 916 1226 est.
940 1160 1051 1228 Simile
1072 1163 1224 1248 quiddam
1246 1178 1282 1232 et
1294 1181 1341 1226 ma

160 1269 193 1332 in
216 1266 312 1344 visen,
335 1262 459 1327 tametsi
482 1263 650 1329 tardiorem
665 1263 814 1328 iniuriam
829 1285 938 1328 earum
952 1265 1164 1342 arbitrantur3
1185 1290 1280 1343 nam·

158 1389 222 1451 que
244 1379 276 1432 et
296 1367 357 1430 hoc
378 1377 504 1448 praeter
526 1364 649 1429 fructus
673 1364 879 1450 adgnoscitur
892 1387 956 1428 non
970 1365 1004 1429 in
1018 1366 1201 1432 novissimis
1215 1369 1279 1433 mi·

162 1467 271 1532 rabile.
296 1465 464 1547 Quaedam
487 1466 572 1529 enim
591 1465 624 1529 in
648 1476 733 1529 terra
754 1463 845 1550 gigni
859 1486 923 1528 non
938 1476 1074 1549 possunt
1088 1478 1120 1532 et
1134 1467 1167 1531 in
1180 1468 1279 1535 arbo·
1293 1485 1343 1530 244

158 1568 247 1635 ribus
267 1577 457 1642 nascuntur3
482 1588 621 1649 namque
643 1587 716 1630 oum
738 1586 828 1630 suam
851 1564 960 1629 sedem
980 1587 1045 1631 non
1062 1565 1219 1648 habeant,
1242 1569 1280 1635 in

158 1671 262 1734 aliena
289 1669 408 1745 vivont,
437 1668 519 1732 sicut
545 1665 669 1731 viscum
690 1674 723 1728 et
742 1665 777 1728 in
798 1661 894 1748 Syria
920 1665 1020 1731 herba
1041 1689 1123 1750 quae
1144 1681 1281 1736 vocatur

159 1770 302 1853 cadytas,
323 1790 388 1832 non
409 1778 532 1831 tantum
552 1764 721 1830 arboribus
743 1765 800 1829 sed
821 1765 901 1851 ipsis
916 1766 1010 1831 etiam
1024 1767 1124 1853 spinis
1138 1770 1278 1837 circum·

158 1872 290 1937 volvens
313 1891 399 1944 sese3
421 1867 499 1931 item
521 1867 606 1933 circa
627 1865 955 1952 Tempe'l'hessalica
975 1890 1059 1952 quae
1080 1871 1279 1957 polypodion

158 1982 291 2038 vocatur
312 1980 345 2034 et
366 1992 447 2054 quae
470 1968 613 2034 dolichos
635 1969 678 2033 ac‘
694 1969 879 2052 serpyllum.
903 1965 1053 2034 Oleastro
1075 1993 1201 2056 quoque
1215 1974 1277 2038 de-

158 2083 269 2159 putato
291 2071 378 2155 quod
399 2070 561 2157 gignatur,
591 2080 706 2133 vocant
727 2068 883 2154 phaulias,
911 2070 998 2153 quod
1024 2093 1100 2138 vero
1126 2073 1160 2136 in
1182 2073 1278 2158 spina

158 2173 301 2249 fullonia,
322 2170 587 2256 hippophaeston,
609 2170 775 2234 cauliculis
796 2170 955 2249 inanibus,
977 2172 1060 2237 foliis
1080 2174 1198 2258 parvis,
1219 2192 1276 2240 ra·

158 2274 230 2339 dice
258 2273 345 2349 alba,
379 2271 470 2336 cuius
499 2293 595 2336 sucus
623 2272 665 2336 ad
692 2272 902 2338 detractiones
930 2273 964 2338 in
992 2273 1142 2339 comitiali
1162 2274 1278 2341 morbo

157 2374 344 2439 utilissimus
364 2369 510 2436 habetur.

201 2477 252 2540 93.
275 2472 368 2537 Visci
384 2472 444 2536 tria
457 2493 592 2559 genera;
615 2495 752 2556 namque
774 2473 808 2537 in
829 2474 944 2553 abiete,
966 2476 1063 2541 larice
1085 2476 1175 2542 stelin
1197 2476 1277 2541 dicit
1289 2491 1342 2538 2⁴5

156 2575 290 2640 Euboea
311 2571 415 2649 nasci,
447 2572 592 2658 hyphear
617 2573 774 2652 Arcadia,
807 2574 930 2639 viscum
956 2587 1064 2642 autem
1084 2577 1119 2642 in
1140 2599 1274 2661 quercu,

157 2676 282 2752 robore,
308 2673 389 2750 ilice,
416 2695 519 2758 pruno
546 2674 695 2751 silvestri,
726 2675 906 2741 terebintho
931 2699 991 2742 neo
1013 2678 1083 2742 aliis
1104 2677 1275 2745 arboribus

156 2775 309 2865 adgnasci
335 2775 489 2860 plerique.
527 2771 792 2861 Copiosissimum
817 2777 851 2840 in
874 2799 994 2861 quercu
1015 2779 1192 2864 adasphear
1212 2802 1273 2844 vo·
1349 2860 1357 2869 „

157 2891 237 2943 cant.
271 2876 310 2941 In
331 2876 417 2942 omni
438 2875 567 2954 arbore,
601 2888 735 2961 excepta
755 2876 827 2943 ilice
849 2889 881 2942 et
903 2900 1032 2961 quercu,
1061 2881 1274 2947 differentiam

181 3049 256 3113 sapei
265 3049 372 3108 nemoris,
384 3050 487 3099 Barbar.
506 3048 611 3112 fayensi
624 3048 702 3107 moris,
715 3064 737 3097 a.
756 3048 858 3113 sapinci
868 3051 934 3113 mori,
947 3053 970 3102 d.
990 3093 1021 3102 ..
1044 3054 1128 3101 arbore
1139 3038 1273 3114 mimimo.

156 3118 262 3164 arborem
274 3133 349 3176 mora,
361 3117 393 3166 K.
407 3157 438 3165 -
451 3116 551 3176 amavit,
565 3116 637 3166 Tad.
655 3113 785 3177 adamavit,
796 3112 847 3181 βγ.
860 3158 891 3166 ..
904 3135 949 3167 noo
961 3119 1036 3180 morlo,
1048 3137 1071 3170 a.
1089 3119 1164 3180 mode,
1176 3123 1222 3185 dy.
1239 3160 1270 3171 .-

156 3181 283 3245 effimdere,
299 3183 331 3232 K.
351 3223 382 3230 -
408 3183 547 3244 XXXIV,
569 3175 637 3235 θεά.
664 3183 808 3247 XXXVI,
825 3185 855 3235 Τ.
882 3186 1008 3248 XXXV,
1024 3183 1053 3248 β.
1076 3228 1107 3236 -
1133 3187 1273 3249 mittem,d

156 3249 242 3312 (codd.
256 3245 325 3308 Gel.)
347 3248 445 3307 mirisa,
458 3267 480 3299 a.
505 3250 623 3312 amiciens,
635 3253 685 3301 1¹¹².
708 3252 855 3314 metiens,K
877 3255 995 3314 mentiens,
1007 3255 1102 3305 Sabell.
1114 3264 1140 3305 et
1150 3256 1217 3304 Pint
1236 3282 1271 3306 ..a

155 3314 293 3377 silvamque,
305 3331 328 3364 a.
345 3312 437 3373 silvam,
450 3317 502 3365 Td.
520 3357 552 3367 ..
562 3318 669 3379 sociem,
680 3320 774 3370 D²Td.
784 3320 891 3383 faelem,
902 3322 968 3371 Dla.
978 3316 1116 3449 focitff.

189 3386 273 3448 5248.
292 3380 397 3431 Similem
409 3379 513 3444 quidem,
525 3399 548 3431 a.
567 3423 599 3431 ..
626 3383 737 3432 iniuriam
753 3402 842 3447 aarum,
859 3389 903 3437 ad.
930 3388 1042 3449 sonim,
1078 3403 1103 3452 γ.
1130 3388 1179 3437 eim
1188 3388 1272 3454 mma,

155 3450 244 3501 Dalec

189 3520 279 3582 ς244.
312 3513 434 3573 Quaedam
455 3514 526 3576 enim,
546 3531 570 3564 v.
588 3517 757 3581 Theophrast.
781 3521 811 3570 de
834 3535 901 3572 caus.
921 3525 1000 3587 plant.
1021 3524 1057 3574 Π.
1080 3521 1118 3584 17,
1140 3529 1164 3573 8.
1188 3563 1219 3572 -
1247 3533 1273 3573 er

155 3584 188 3647 in,
204 3585 276 3634 Tad.
302 3582 350 3632 Est
364 3590 386 3630 et
401 3583 433 3634 in.
448 3578 499 3647 βγ.
518 3623 548 3634 ..
576 3583 682 3648 codytaa
699 3586 868 3650 Theophrast
890 3599 1005 3655 sareptae,
1021 3608 1033 3640 r
1051 3589 1137 3653 (codd.
1153 3591 1272 3653 Barbari,

155 3655 223 3716 qnod
239 3652 329 3715 probat
344 3650 447 3702 Gesner.
464 3651 523 3701 hist.
540 3651 616 3700 anim.
633 3659 657 3713 4,
676 3651 745 3715 749.)
766 3662 854 3717 castus,
873 3649 935 3708 Uad
952 3656 1039 3720 (codd.
1056 3658 1163 3709 Salmas.
1184 3672 1271 3709 exerc.

155 3733 181 3782 p.
199 3724 256 3770 682.
273 3720 297 3768 b.
315 3720 362 3778 D.,
389 3719 432 3781 qui
449 3717 538 3766 emitas
554 3721 595 3768 vel
612 3727 707 3784 casytas
723 3721 806 3784 legit).
825 3765 855 3773 -
888 3725 985 3788 Tempe,
1008 3725 1101 3776 Sabell.
1119 3733 1146 3774 et
1160 3726 1271 3777 Barbar.

159 3784 313 3849 Templl,ad.
333 3824 363 3834 -
391 3784 520 3846 etessollco,
532 3803 555 3836 a.
585 3786 729 3838 Thessalica.
751 3788 886 3840 Ianascimr
902 3790 1270 3856 aliaequaepolyp.‚1)alea

156 3891 188 3903 ..
206 3861 229 3902 et
240 3853 479 3917 quoe-serpyllum,
491 3855 557 3905 delet
568 3856 635 3905 Pint.
654 3897 684 3905 ..
707 3857 842 3922 serpyllum,
855 3861 878 3908 d.
900 3857 1035 3922 serpullum,
1050 3852 1088 3909 Or
1105 3859 1191 3921 (codd.
1202 3861 1271 3911 Bar·

140 3919 230 3983 bari).
256 3919 379 3982 sepulum,
397 3937 420 3970 a.
438 3963 469 3971 ..
492 3921 605 3985 pigriter,
621 3940 640 3972 r.
660 3964 691 3972 ..
713 3923 840 3988 plautius,
857 3927 965 3977 Salmas.
981 3943 1064 3978 exerc.
1080 3943 1104 3990 p.
1117 3933 1175 3977 911.
1187 3930 1211 3977 b.
1222 3929 1271 3990 1),

154 3991 223 4050 qnod
234 3988 324 4052 probat
336 3987 451 4038 Schneid.
464 3990 497 4037 ad
506 3989 578 4039 Varr.
591 3993 621 4040 de
632 3994 659 4040 r'e
670 3999 731 4042 rust.
744 3997 765 4052 1,
776 4001 816 4043 40.
829 4008 853 4056 p.
864 3999 921 4044 34³.
936 3993 1052 4057 plaucos,
1065 3989 1155 4058 adfiy.
1164 3995 1270 4058 faunos,

152 4052 242 4105 Dalea
268 4055 335 4105 Add.
352 4055 496 4106 Schneider.
513 4059 546 4106 ad
557 4059 688 4121 Theophr.
707 4061 766 4109 hist.
778 4063 857 4123 plant.
872 4061 907 4111 11.
921 4068 944 4122 2,
960 4067 998 4110 12.
1011 4063 1078 4111 etde
1090 4063 1160 4111 odor.
1176 4067 1215 4112 15.
1234 4103 1270 4114 ..

151 4121 316 4181 epinacodd.
330 4122 386 4173 Gel.
412 4121 521 4187 ln'spr‘ria,
534 4128 557 4175 d.
584 4124 701 4188 hispania,
713 4143 736 4176 a.
756 4167 786 4176 ..
808 4127 996 4192 lypopboctoin,
1009 4145 1031 4178 a.
1058 4127 1184 4193 lyposacto
1195 4130 1228 4191 ia,
1241 4131 1270 4182 d.

152 4223 185 4235 -
204 4188 332 4248 cauliculo,
346 4190 397 4240 D2.
422 4190 605 4255 pelliculam
633 4192 755 4252 colliculis,
768 4197 810 4245 ad.
837 4193 957 4259 calyculus,
974 4192 1003 4257 β.
1025 4195 1143 4260 capitalis,
1160 4198 1270 4249 Hardea

4 4236 24 4245 ⁸
119 4314 128 4324 .
149 4258 224 4306 codd.
238 4254 275 4319 (t)
288 4259 328 4307 vcl
341 4259 423 4321 potius
435 4274 468 4309 ex
478 4261 596 4312 Dioscor.
609 4268 633 4320 4,
648 4265 704 4310 160.
