2754 4726
183 289 246 353 306
533 302 737 350 unrunnnrs
760 300 955 348 ursroarru

185 456 331 522 medetur
351 455 384 518 in
407 453 482 518 vino
502 463 616 538 petus,
646 464 678 519 et
699 453 776 520 folia
797 452 963 538 thyrsique
986 451 1053 516 triti
1080 473 1121 517 ex
1144 463 1237 518 aceto
1259 454 1309 521 bi·

183 557 319 632 buntur;
342 555 465 621 volneri
486 555 664 620 inlinuntur
677 577 826 620 maxume
849 564 962 619 contra
984 553 1190 639 scorpionum
1211 554 1309 636 ictus,

181 680 292 723 verum
307 667 419 722 contra
440 655 614 744 phalangia
634 655 796 720 conmixta
811 654 886 721 vino
901 665 934 719 et
948 663 1048 719 aceto.
1070 653 1157 720 Aliis
1178 644 1310 743 quoque
1323 675 1351 718 ss

181 759 314 825 venenis
335 758 491 823 resistunt
512 757 658 842 exceptis
679 748 763 840 quae
791 755 1023 841 strangulando
1044 766 1160 821 necant
1187 767 1247 823 aut
1267 757 1309 823 iis

181 882 263 943 quae
285 858 412 925 vesicae
434 867 561 935 nocent,
587 857 665 922 item
686 855 850 942 psimithio
872 865 1022 942 except03
1052 855 1256 940 inponuntur
1276 870 1309 922 et

180 961 286 1026 ventri
308 983 350 1025 ex
364 959 456 1025 melle
478 967 572 1042 atque
593 967 683 1023 aceto
705 956 747 1021 ad
768 957 967 1022 detrahenda
988 956 1066 1023 vitia
1087 957 1161 1023 alvi.
1183 957 1309 1024 Urinae

181 1061 389 1127 difficultates
407 1082 504 1126 sucus
519 1058 676 1125 emendat
701 1057 858 1124 Crateuas
872 1080 946 1123 eum
960 1068 994 1123 et
1007 1057 1194 1144 hydropicis
1205 1059 1309 1126 obolis

181 1161 307 1227 duobus
327 1162 362 1225 in
384 1171 473 1227 aceto
494 1172 527 1226 et
549 1159 665 1246 cyatho
686 1159 752 1225 vini
775 1159 844 1224 dari
865 1158 974 1236 iuhet3
1002 1158 1135 1243 quidam
1157 1171 1191 1225 et
1213 1182 1232 1227 e
1253 1183 1307 1227 sa-

181 1260 256 1327 tivis
277 1262 432 1349 colligunt
445 1283 558 1325 sucum
572 1261 679 1326 minus
693 1261 868 1326 efficacem.
888 1259 1074 1325 Peculiares
1094 1280 1207 1327 esrum
1221 1261 1307 1328 vires
1320 1277 1349 1322 er

180 1363 297 1450 partim
317 1363 382 1427 iam
404 1361 508 1427 dictae
531 1371 618 1440 sunt,
643 1384 789 1427 somnum
813 1361 954 1426 fouendi
981 1382 1194 1446 veneremque
1221 1361 1307 1428 inhi-

181 1462 290 1540 bendi,
312 1473 436 1529 aestum
451 1462 677 1551 refrigerandi,
701 1463 899 1529 stomachum
919 1462 1093 1548 purgandi,
1117 1464 1307 1551 sanguinem

182 1565 322 1651 augendi
328 1591 338 1643 3
368 1587 434 1630 non
455 1586 578 1649 paucae
598 1575 736 1642 restant,
764 1563 916 1648 quoniam
938 1574 971 1628 et
990 1562 1171 1630 inflationes
1196 1565 1306 1631 discu-

182 1664 266 1729 tiunt
287 1677 460 1751 ructusque
480 1665 563 1731 lenis
584 1664 723 1741 faciunt,
745 1664 982 1730 concoctionem
1003 1664 1169 1740 adiuvant3
1197 1666 1305 1731 crudi·

182 1775 280 1829 tatem
301 1767 391 1851 ipsae
413 1787 588 1850 numquam
615 1765 744 1830 faciunt.
781 1763 852 1830 Nec
873 1765 939 1831 ulla
959 1787 1011 1830 res
1038 1766 1072 1829 in
1100 1766 1181 1832 cibis
1202 1767 1307 1853 magis

182 1866 367 1931 aviditatem
394 1865 508 1932 incitat
536 1865 722 1950 inhibetque
749 1866 877 1944 eedem3
905 1867 939 1930 in
966 1887 1064 1931 causa
1090 1866 1306 1951 alterutraque

182 1967 297 2033 modus
319 1977 385 2046 est3
409 1967 456 2033 sic
477 1977 509 2032 et
523 1968 629 2034 alvom
645 1968 839 2053 copiosiores
855 1967 989 2046 solvont,
999 1967 1157 2043 ‚modicae
1173 1968 1304 2044 sisarum

182 2061 340 2134 lentitiam
361 2068 496 2153 pituitae
518 2068 669 2154 digerunt
691 2078 798 2152 atque,
826 2078 862 2133 ut
880 2068 976 2152 aliqui
999 2068 1209 2146 tradiderunt,
1231 2090 1304 2135 sen·

184 2190 240 2233 eus
267 2179 418 2255 purgant
458 2166 640 2233 Stomachis
668 2158 831 2233 dissolutis
859 2168 1026 2234 utilissime
1052 2169 1248 2235 adiuvantur
1272 2169 1345 2234 inu

184 2289 222 2333 eo
243 2289 305 2331 usu
331 2278 364 2332 et
389 2268 526 2352 oxypori
554 2267 675 2347 obolis,
704 2268 909 2354 asperitatem
938 2269 1047 2337 addito
1074 2269 1160 2336 dulci
1187 2271 1230 2335 ad
1254 2271 1303 2336 in·

184 2369 320 2434 tinctum
342 2368 426 2433 aceti
448 2378 680 2454 temperantem
704 2369 732 2434 si
754 2371 892 2436 crassior
905 2370 1024 2455 pituita
1046 2371 1098 2448 sit,
1121 2371 1237 2437 scillite
1250 2384 1305 2436 aut

184 2471 258 2535 vino
285 2470 475 2557 apsinthite,
511 2471 538 2536 si
565 2481 598 2535 et
631 2471 729 2536 tussis
764 2471 937 2549 sentiatur,
971 2470 1121 2558 hysopite
1151 2473 1302 2539 admixto.

146 2666 148 2672 Ι
185 2571 314 2637 Dentur
342 2572 487 2638 coeliacis
513 2595 586 2638 cum
612 2572 724 2638 intubo
752 2572 887 2638 erratico
915 2583 947 2636 et
968 2574 1010 2637 ad
1031 2573 1182 2638 duritiam
1209 2596 1301 2659 prae·

219 2708 287 2768 §62
302 2709 479 2773 soha'ssdr.
499 2711 566 2775 folio
578 2718 646 2772 tosto,
660 2707 689 2772 β.
709 2710 777 2774 folio
789 2712 897 2773 trito,K.
918 2752 948 2762 ..
975 2712 1085 2776 tussique,
1097 2713 1129 2765 T.
1156 2712 1300 2777 torsique,d.

185 2776 309 2840 tironique,
322 2795 345 2828 a.
364 2820 396 2828 -
415 2778 529 2839 triticia.
548 2820 580 2830 ..
598 2778 737 2841 illiniuntur,
749 2782 773 2830 d.
792 2817 823 2828 ..
846 2787 1002 2840 verocontru,
1015 2797 1037 2831 a
1060 2786 1143 2830 contro
1154 2797 1216 2843 vero,
1228 2785 1252 2832 d.
1271 2820 1299 2829 ..

181 2843 346 2909 pholcnyicm‚
359 2863 382 2896 a.
400 2888 432 2896 -
450 2847 574 2906 commisto,
586 2861 609 2896 a.
627 2862 678 2896 cnm
689 2844 770 2908 mrem,
782 2849 805 2895 d.
816 2887 855 2895 ...
874 2853 897 2894 et
907 2854 981 2909 aceto,
993 2848 1082 2898 Tadr.
1100 2863 1130 2896 ex
1141 2856 1215 2910 aceto,
1226 2844 1276 2912 βγ.

219 2910 233 2971 ξ
246 2917 287 2962 63.
310 2911 354 2975 his,
366 2913 410 2965 sd.
430 2955 461 2965 ...
480 2911 609 2978 psimithio,
621 2914 666 2964 ad.
685 2910 845 2978 psimmythio,
857 2908 908 2976 βγ.
926 2954 958 2963 ...
983 2929 1012 2962 ea
1023 2912 1097 2977 melle,
1110 2917 1134 2965 d.
1157 2923 1181 2964 et
1192 2914 1266 2977 melle,
1277 2931 1299 2964 o.

184 3019 215 3029 -
235 2978 291 3039 alvi,
304 2996 326 3030 a.
350 2980 401 3042 olii,
414 2985 438 3033 d.
456 3024 487 3032 -
511 2980 642 3045 etcpotho;
659 2997 706 3045 pro
719 2982 809 3031 hisvv.
822 2979 1009 3044 habontcpothi
1021 2984 1065 3031 ad.
1085 3023 1116 3032 ..
1138 2983 1231 3044 ninia.
1253 2981 1299 3042 nni,

185 3050 208 3098 d.
228 3089 259 3097 ..
278 3046 425 3113 coilipnntur,
437 3067 461 3100 a
480 3088 511 3099 ..
529 3049 792 3111 succum-efficacem,
803 3051 841 3097 ad
853 3048 939 3109 (codd.
952 3046 1022 3110 Gel.)
1039 3050 1253 3114 succo-fferam,
1264 3066 1283 3100 r.

219 3114 233 3175 h
247 3122 287 3166 64.
310 3118 372 3166 vires
379 3117 470 3181 partim
482 3116 531 3165 iom
543 3115 620 3165 dictae
631 3122 696 3178 sunt;
714 3130 760 3178 pro
771 3115 812 3165 hie
824 3131 863 3164 vv.
876 3117 954 3166 habet
962 3115 1069 3178 potuum
1078 3115 1153 3166 dutum
1165 3134 1189 3178 a,
1206 3118 1299 3182 ffecuu

181 3183 308 3245 proterimi
322 3182 398 3233 dictus
415 3187 467 3236 Τά.
493 3186 552 3236 Vid.
571 3189 609 3246 19,
624 3188 679 3235 127.
694 3188 749 3234 lae.
773 3222 804 3232 ..
831 3181 945 3246 ammte
967 3184 1027 3233 huic
1043 3185 1101 3233 voci
1116 3186 1188 3235 addit
1204 3185 1298 3249 Appul.

183 3265 235 3296 cum
252 3251 375 3298 cocnbnern
393 3250 538 3312 adintondi,
556 3253 699 3302 medactum
716 3251 780 3301 illud
797 3259 943 3314 ceteraeque
959 3253 1138 3302 constructioni
1155 3264 1297 3303 accommo-

185 3317 271 3365 datum
287 3330 301 3366 e
317 3318 397 3367 verbis
413 3318 480 3368 infra
495 3320 665 3380 sequentibus.
683 3357 716 3367 ..
742 3333 803 3366 nunc
818 3332 872 3378 non,
883 3334 903 3368 r.
925 3358 957 3368 ..
980 3334 1110 3382 paucitas
1127 3317 1214 3383 (codd.
1231 3317 1297 3380 Gel.)

182 3383 261 3444 pauet,
271 3385 323 3433 Τὰ.
337 3422 369 3432 ..
387 3384 553 3433 concoctionem
566 3385 615 3446 (ita
627 3379 648 3433 θ
660 3391 685 3433 et
695 3385 791 3447 Appul.
803 3401 891 3450 supra;
903 3384 1065 3447 concoctiones,
1078 3383 1160 3449 Τάβ)
1172 3386 1298 3446 aenean,-

183 3447 323 3498 cruditotem
341 3448 490 3512 (cruditates,
502 3449 539 3512 Τ)
555 3452 622 3512 ipsae
632 3465 758 3512 numquam
775 3448 942 3516 (nequaquam,
954 3449 988 3514 β)
997 3452 1103 3516 saciant,
1116 3451 1200 3517 Tdss3
1219 3455 1297 3505 omitt

184 3531 244 3580 arr.
274 3559 305 3567 ..
331 3517 420 3581 moyn,
438 3520 489 3569 Τὰ.
506 3518 595 3569 Omitt.
611 3534 627 3567 a
642 3516 730 3580 (codd.
747 3516 817 3581 uel.)
833 3515 885 3584 βγ.
910 3560 942 3570 ..
968 3519 1143 3584 alterutroque,
1159 3526 1198 3573 ad
1215 3521 1297 3587 (codd.

184 3584 256 3647 Gal.)
273 3584 458 3649 alterutrimqne,
469 3602 489 3635 r.
508 3585 630 3649 utrimque,
642 3586 675 3637 K
692 3586 726 3637 V.
738 3586 822 3637 Hand.
834 3588 943 3638 Tursell.
958 3595 980 3650 1,
992 3593 1049 3638 282.

217 3655 285 3716 §dh
308 3652 441 3703 Stomochr's
457 3651 574 3701 dissolutis
590 3653 640 3703 urit
657 3652 808 3715 adiuvantur,
821 3656 894 3705 Tae.
916 3650 1040 3706 Stomachi
1050 3653 1220 3711 diesohrtt'ntt'l.
1232 3653 1297 3707 odiit·

182 3727 278 3783 eantur,
293 3717 343 3785 βγ.
370 3719 508 3772 Stomachos
524 3719 648 3770 dissolutos
662 3720 713 3770 retii
730 3720 854 3783 minuant,
870 3739 889 3772 r.
912 3722 979 3773 Cum
990 3725 1066 3787 vulgo
1078 3732 1137 3788 post
1148 3725 1213 3775 haec
1224 3724 1297 3776 verba

182 3788 305 3838 semicolo
322 3790 540 3853 interpungeretur
556 3797 581 3840 et
595 3791 671 3840 verba
682 3791 814 3853 sequentia
824 3805 904 3854 usque
915 3792 949 3840 nd
961 3798 1114 3854 temperantes
1124 3806 1221 3844 novam
1232 3806 1296 3843 eam·

183 3868 232 3917 que
243 3871 288 3920 per
299 3871 326 3906 so
337 3865 495 3908 constantem
507 3858 655 3908 sententiam
673 3857 807 3918 efficerent,
824 3859 869 3907 ubi
883 3873 942 3908 vero
958 3860 1033 3908 verba
1049 3859 1117 3909 omni
1134 3861 1296 3923 grammatico

182 3937 257 3973 senen
268 3926 475 3987 destituebantur,
492 3941 539 3977 nos
551 3926 577 3976 in
588 3925 759 3990 superioribus
770 3926 880 3989 optimos
891 3925 967 3976 libros
983 3927 1062 3976 secuti
1077 3942 1156 3976 unam
1167 3929 1296 3992 periodum

180 3993 344 4054 restituimus,
363 3994 433 4044 euius
450 4008 508 4057 pars
524 3994 641 4057 primaria
657 3994 800 4044 continetur
813 3994 896 4043 verbis
912 3991 1047 4042 stomachis
1064 3991 1297 4046 dissolutas-odom

180 4056 197 4106 i.
210 4073 232 4107 e.
245 4060 272 4111 si
285 4061 409 4110 stomachi
422 4061 538 4111 dissoluti
549 4069 615 4121 sunt,
633 4060 783 4112 adiuvantur
794 4061 911 4110 homines
922 4063 1018 4124 aegroti
1030 4062 1057 4110 in
1069 4074 1100 4111 eo
1111 4078 1160 4112 usu
1172 4060 1296 4125 (lactucae

180 4124 288 4189 saurae)
307 4130 383 4179 etiam
401 4130 510 4194 oxypori
526 4130 610 4180 obolis
625 4128 681 4191 (hic
696 4129 851 4193 supplendus
867 4135 905 4178 est
920 4142 1041 4179 numerus
1052 4129 1195 4192 obolorum,
1213 4131 1257 4194 qni
1271 4128 1296 4178 in

181 4196 255 4243 codd.
268 4195 389 4256 evanuit),
407 4205 575 4262 temperantes
590 4197 751 4262 asperitatem
767 4197 843 4246 huius
859 4197 969 4259 oxypori
980 4197 1067 4247 addim
1079 4197 1149 4247 dulci
1166 4195 1213 4261 (sc.
1225 4193 1296 4256 rino)

181 4263 214 4310 ad
230 4265 294 4313 aceti
310 4265 450 4316 intinctum.
473 4265 594 4316 Idunum
607 4267 658 4315 ism
670 4264 757 4328 quaeri
767 4271 860 4328 potest,
876 4278 960 4313 aunon
972 4265 1108 4327 legendum
1119 4265 1153 4316 sit
1164 4261 1296 4317 sonum

1074 4514 1095 4561 0
