2754 4726
154 261 215 337 188
502 286 704 333 carcanus
727 283 920 331 ursroama

154 439 274 504 semine
297 437 444 502 fruticem
466 457 670 500 numerosum
693 434 833 498 fundunt
854 432 1049 516 densamque
1073 444 1214 519 segetem
1230 457 1270 498 ex

153 560 227 603 raro
254 538 374 604 semine
403 537 559 601 emittunt.
597 535 686 623 Ergo
714 536 797 599 inter
822 544 973 618 quattuor
1002 544 1034 597 et
1064 556 1121 598 sex
1147 535 1271 599 modios
1285 553 1334 597 ooo

153 660 212 724 pro
233 648 348 702 natura
370 636 443 715 soli,
472 636 526 701 alii
553 636 694 720 quinque
715 658 779 700 non
800 633 906 699 minus
930 632 993 698 seri
1014 634 1156 717 plurisve
1176 656 1270 719 prae-

153 739 292 825 cipiunt,
315 738 392 803 item
413 738 446 801 in
468 736 589 803 consito
611 746 668 801 aut
689 737 809 802 clivoso
830 745 885 800 aut
906 735 940 798 in
962 757 1080 799 macro.
1102 734 1178 800 Huc
1194 757 1270 820 per-

153 838 234 904 tinet
254 839 417 903 oraculum
437 837 517 904 illud
538 859 731 925 magnopere
758 835 1015 902 custodiendum:
1043 846 1208 921 „segetem
1229 859 1270 901 ne

153 939 336 1004 defrudes.”
379 938 509 1004 Adiecit
540 928 605 1004 his‘
618 937 732 1003 Attius
765 938 798 1001 in
825 936 1014 1014 Praxidico‚
1047 947 1083 1001 ut
1112 947 1271 1002 sereretur

153 1062 227 1105 cum
254 1040 330 1105 luna
358 1049 442 1106 esset
467 1040 501 1104 in
529 1039 645 1116 ariete,
678 1038 833 1125 geminis,
861 1038 972 1116 leone,
999 1036 1098 1115 libra,
1128 1037 1271 1121 aquario,

153 1138 338 1205 Zoroastres
361 1142 427 1207 sole
449 1140 625 1226 scorpionis
647 1139 816 1205 duodecim
836 1141 937 1224 partis
960 1150 1175 1224 transgress0‚
1199 1161 1271 1203 cum

152 1239 228 1304 luna
249 1253 336 1306 esset
355 1241 390 1305 in
412 1251 513 1306 tauro.

196 1342 247 1407 56.
272 1338 426 1427 Sequitur
447 1342 509 1407 huc
531 1342 628 1406 dilata
651 1353 682 1407 et
703 1363 853 1406 maxuma
866 1340 1015 1426 indigens
1030 1363 1106 1406 cura
1128 1340 1167 1406 de
1190 1353 1270 1407 tem·
1285 1359 1331 1402 aot

152 1462 231 1526 pore
252 1443 364 1530 fruges
386 1443 511 1508 serendi
525 1441 685 1527 quaestio,
708 1464 887 1530 magnaque
909 1463 949 1506 ex
971 1452 1062 1526 parte
1083 1443 1205 1508 ratione
1227 1443 1270 1508 si-

153 1542 265 1608 derum
298 1567 457 1624 connexa,
489 1542 695 1629 quamobrem
722 1542 896 1610 sententias
927 1542 1069 1608 omnium
1097 1543 1131 1607 in
1159 1543 1272 1628 primis

153 1644 195 1708 ad
221 1645 256 1708 id
282 1646 471 1732 pertinentis
499 1667 708 1732 exponemus.
735 1643 900 1710 Hesiodus
921 1643 977 1728 qui
998 1644 1148 1730 princeps
1168 1643 1271 1708 homi-

153 1767 229 1810 num
257 1746 298 1811 de
325 1747 523 1835 agricultura
549 1746 705 1832 praecipit
734 1768 833 1810 unum
863 1756 989 1830 tempus
1016 1743 1143 1811 serendi
1170 1744 1271 1807 tradi-

152 1845 241 1911 dita
262 1847 466 1936 vergiliarum
488 1870 622 1926 occasu3
651 1847 812 1913 scribebat
839 1847 923 1913 enim
944 1848 978 1911 in
1000 1846 1136 1912 Boeotia
1157 1845 1270 1911 Hella-

79 2022 83 2029 Ι
153 1946 214 2026 dis,
236 1946 292 2013 ubi
312 1949 359 2013 ita
380 1949 442 2014 seri
463 1948 613 2015 diximus.
646 1947 734 2015 Inter
761 1948 1022 2036 diligentissimos
1044 1949 1208 2026 convenit,
1236 1959 1272 2012 ut
1287 1962 1336 2007 aco

152 2048 187 2113 in
208 2049 320 2115 alitum
342 2050 646 2137 quadripedumque·
660 2051 825 2138 genitura,
857 2073 926 2116 esse
954 2049 1110 2134 quosdam
1131 2049 1173 2113 ad
1193 2071 1271 2114 con-

154 2159 283 2236 ceptum
303 2151 431 2236 inpetus
454 2161 487 2216 et
508 2160 629 2227 terrae,
652 2151 713 2216 hoc
736 2148 855 2217 Graeci
875 2151 923 2215 ita
944 2151 1112 2230 definiunt,
1134 2174 1207 2217 cum
1230 2151 1273 2216 sit

154 2249 258 2314 calida
278 2261 311 2315 ct
331 2251 449 2317 umida.
472 2251 641 2340 Vergilius
660 2250 801 2317 triticum
823 2262 856 2317 et
878 2253 928 2317 far
949 2275 969 2316 a
990 2252 1194 2338 vergiliarum
1216 2274 1272 2317 oc·

155 2370 233 2414 casu
255 2351 318 2415 seri
336 2351 437 2431 iubet,
459 2351 613 2417 hordeum
632 2352 716 2418 inter
735 2353 971 2437 aequinoctium
990 2353 1134 2419 autumni
1149 2363 1181 2418 et
1194 2353 1273 2447 bru-

154 2473 250 2530 mam,
272 2452 387 2518 viciam
408 2475 501 2530 vero,
523 2452 684 2538 phasiolos
706 2464 739 2518 et
759 2455 875 2519 lentem
897 2454 992 2520 boote
1006 2454 1185 2530 occidente3
1209 2476 1274 2538 quo

155 2550 193 2616 fit
218 2561 255 2616 ut
280 2552 392 2619 borum
418 2554 558 2619 siderum
587 2553 783 2638 aliorumque
811 2564 941 2620 exortus
970 2564 1001 2620 et
1023 2577 1159 2620 occasus
1180 2555 1273 2640 digc-

155 2653 248 2717 rendi
270 2655 388 2719 sintin
411 2677 487 2721 suos
509 2655 587 2719 dies.
622 2651 707 2719 Sunt
728 2655 784 2739 qui
805 2667 837 2720 et
857 2665 932 2720 ante
954 2655 1158 2741 vergiliarum
1179 2677 1274 2720 occa·
1288 2668 1337 2712 20³

157 2776 230 2818 sum
251 2755 313 2820 seri
338 2755 486 2833 iubeant,
514 2755 680 2820 dumtaxat
706 2756 740 2820 in
767 2756 856 2820 arida
885 2768 970 2820 terra
997 2755 1172 2839 calidisque
1198 2777 1275 2840 pro-

157 2854 286 2932 vinciis3
320 2855 474 2921 custodiri
501 2855 586 2920 enirn
614 2877 722 2920 semen
754 2876 817 2920 non
851 2866 1079 2940 conrumpente
1106 2878 1216 2921 umore
1244 2864 1277 2921 et

157 2976 177 3017 a
197 2977 353 3041 proxumo
374 2956 476 3022 imbre
498 2978 561 3021 unc
583 2955 635 3020 die
663 2977 830 3041 erumpere
837 2981 847 3034 ;
876 2956 928 3021 alii
957 2956 1064 3021 statim
1091 2955 1133 3020 ab
1160 2978 1277 3022 occasu

189 3160 282 3221 nmine,
297 3155 377 3212 OTd.
393 3162 496 3226 canina,
507 3159 556 3226 ati.
566 3205 598 3214 ...
607 3162 730 3226 saiticam,
746 3155 825 3213 &Ta
842 3161 932 3225 radice,
944 3179 966 3212 a.
984 3161 1067 3212 radice
1071 3163 1195 3227 fruticem,
1203 3158 1232 3224 β.
1246 3203 1276 3211 ..

102 3231 106 3235 ’
157 3239 195 3287 ex,
205 3227 252 3275 ad.
274 3242 294 3288 e,
305 3223 357 3290 βγ.
375 3270 406 3279 -
429 3229 551 3292 omittunt,
562 3233 610 3294 ad,
621 3240 650 3281 ut
661 3233 721 3282 hinc
733 3245 800 3280 nova
810 3231 929 3295 periodus
940 3230 1050 3294 incipiat.

190 3326 276 3389 5200.
299 3334 445 3389 prouamro
455 3327 506 3390 colr',
518 3331 543 3378 d.
563 3338 739 3392 ponaturaa.
762 3371 793 3379 -
823 3328 1052 3394 aliiquiuqueucu;
1065 3346 1112 3395 pro
1125 3332 1165 3380 his
1178 3347 1217 3381 vv.
1230 3333 1276 3382 ho-

156 3392 218 3443 bcut
266 3391 368 3443 ‘mad
388 3431 416 3441 -
433 3392 561 3456 plusuad.
579 3435 610 3444 ..
629 3394 810 3456 outclivoaosa.
829 3397 955 3456 etciivoso,
967 3399 1021 3448 Τὰ.
1040 3439 1071 3447 ..
1090 3406 1139 3457 aut,
1151 3399 1240 3448 Dolec.
1254 3415 1278 3448 a.

157 3462 220 3522 uad
248 3473 275 3524 r.
293 3499 325 3509 ..
347 3459 526 3520 floccorum.
548 3460 666 3522 Hoe,ad.
686 3502 717 3511 -
740 3461 859 3512 oraculum
871 3462 932 3513 illud
942 3465 1048 3515 Catonis
1060 3468 1091 3515 de
1103 3481 1129 3514 rc
1141 3474 1203 3515 rust.
1217 3471 1241 3525 5,
1255 3472 1278 3515 4.

159 3566 191 3577 ..
213 3524 334 3593 defreda
350 3527 497 3579 Schneider.
513 3528 760 3578 atKlotu.inIahn.
773 3529 864 3580 horreo
879 3538 919 3592 10,
933 3536 973 3582 62.
1000 3528 1226 3596 defruqeaadssr.
1247 3574 1278 3581 -

154 3590 195 3643 'luis
205 3592 295 3656 Attius,
311 3586 339 3645 θ.
357 3593 388 3644 iia
398 3592 488 3656 Attius,
501 3596 525 3644 d
543 3594 573 3644 iis
584 3592 677 3656 Actia,
689 3596 722 3645 K.
740 3594 862 3658 incertius,
874 3615 897 3647 a.
916 3597 946 3647 iis
957 3597 1052 3660 Accius,
1064 3595 1114 3662 βγ.
1129 3641 1159 3647 ..
1180 3607 1206 3647 ut
1216 3615 1279 3647 serc-

157 3666 224 3711 rsiur
234 3662 292 3725 τοὶς
303 3662 442 3712 Hermann.
453 3663 484 3713 de
495 3661 525 3713 1..
538 3663 602 3712 Attii
613 3662 682 3713 libris
693 3663 863 3714 didascalicon
875 3681 900 3730 p.
913 3673 937 3716 4.
950 3667 1014 3716 haec
1025 3666 1100 3716 verba
1111 3667 1147 3716 ita
1159 3669 1192 3716 ab
1204 3667 1280 3717 Attio

158 3728 452 3793 scriptuiuisaacenaet:
595 3790 602 3807 .

573 3811 659 3856 seraa
676 3813 726 3846 cum
739 3805 773 3846 eat

310 3852 385 3913 Lino
395 3862 421 3912 io
429 3859 511 3925 vieti,
522 3863 627 3929 pumicis,
640 3854 710 3927 loo'ue,
723 3863 793 3927 libra,
805 3857 915 3929 oqucirio.
934 3907 965 3918 ..

159 3927 307 4007 Μίζὺ,
318 3932 342 3980 d.
360 3929 523 3994 Zorooabius,
535 3948 557 3983 a
577 3972 609 3982 -
626 3932 754 3996 scorpionis
765 3931 885 3983 duodecim
894 3942 985 3998 partes,
997 3937 1042 3985 ad.
1066 3932 1186 3985 duodecim
1197 3943 1282 3999 partes

91 4054 94 4061 .
158 4011 296 4061 mum,
307 3991 361 4062 fir·

162 4136 165 4141 .
193 4098 279 4161 5¹⁰¹·
297 4093 388 4162 olata,
401 4115 424 4150 a
438 4141 469 4150 ..
487 4098 606 4163 ravandi,
617 4103 661 4152 ad.
674 4143 704 4151 -
724 4117 820 4163 emera,
833 4115 856 4150 a.
870 4142 901 4151 -
916 4101 1036 4152 Hesiodus
1047 4118 1106 4167 opp.
1120 4112 1146 4152 ct
1157 4104 1211 4154 dies
1223 4110 1284 4155 ³84.

158 4206 193 4225 .-
207 4159 308 4228 ΡΥῘΝ,
323 4155 372 4216 0²·
391 4207 422 4218 ..
441 4167 566 4231 bominum,
580 4161 602 4217 θ
614 4166 643 4232 (a
653 4184 731 4219 manu
743 4166 867 4232 secunda)
879 4170 951 4219 Tad.
971 4169 1078 4230 omnium,
1090 4164 1141 4233 βγ.
1162 4210 1192 4219 ,,
1209 4187 1284 4234 prag.

157 4229 226 4301 ,spru
238 4228 311 4279 rsa
326 4231 520 4302 nuceam.
540 4277 570 4287 -
590 4234 748 4298 resource.
768 4278 798 4288 „
816 4236 914 4299 Boea,
926 4254 948 4288 a.
968 4278 999 4288 ..
1018 4235 1147 4297 carmus
1161 4241 1203 4287 49.
