2754 4726
386 301 455 347 rm.
470 302 572 349 xvm.
602 301 680 348 oar.
696 288 794 350 xxvr.
824 303 922 381 sucu.
938 307 1021 350 aa-cs.
1200 291 1260 353 197

82 516 88 524 .,
137 448 255 518 oceidit
287 448 460 545 matutino,
494 462 526 515 et
559 452 665 537 pridie
698 476 799 519 nouas
830 452 927 519 Febr.
961 454 1091 521 fidicula
1124 456 1259 542 vesperi.

136 553 246 618 Huius
267 552 421 637 temporis
443 551 628 618 novissimis
651 554 776 632 diebus,
804 553 999 639 ubicumque
1020 554 1160 642 patietur
1181 556 1260 637 caeli
1273 576 1323 621 aas

135 654 233 734 ratio,
266 663 383 719 terram
416 653 458 717 ad
490 675 635 718 rosarum
662 664 694 719 et
720 654 832 744 vimque
864 666 968 720 satum
995 668 1119 722 vertere
1141 655 1261 743 bipalio

135 765 274 842 oportet,
298 810 339 819 -
371 755 484 843 iugero
512 778 628 841 operae
655 778 699 820 nx
726 755 899 835 sufficiunt,
922 811 964 820 -
996 756 1099 822 fossas
1119 779 1261 844 purgare

136 866 191 920 aut
212 877 313 920 novas
333 856 456 934 facere,
490 856 687 923 antelucanis
708 857 903 922 ferramenta
923 878 1059 937 acuere,
1092 857 1261 929 manubria
1317 863 1332 877 ⁹

134 967 265 1041 aptare,
299 955 384 1045 dqua
419 979 538 1041 quassa
566 956 685 1023 sarcire
711 957 921 1042 ipsorumque
947 957 1070 1023 lamnas
1099 958 1261 1024 scabendo

136 1078 286 1143 purgare.

179 1159 229 1223 65.
261 1155 294 1223 A
318 1157 446 1223 favonio
473 1159 506 1222 in
528 1159 765 1243 aequinoctium
787 1182 922 1225 vernum
944 1158 1077 1225 Caesari
1101 1159 1322 1248 significatas?

112 1281 204 1323 ·x1v.
231 1257 387 1323 kalendas
415 1258 515 1326 Mart.
539 1260 681 1324 triduum
702 1260 800 1338 varie,
824 1270 856 1325 et
883 1284 952 1326 vm.
979 1261 1134 1327 kalendas
1160 1261 1260 1327 Mart.

134 1358 315 1424 hirundinis
336 1360 410 1425 visu
432 1371 465 1425 et
486 1371 615 1447 postero
630 1361 684 1427 die
698 1360 819 1427 arcturi
834 1371 949 1427 exortu
963 1361 1161 1448 vespertin03
1182 1363 1259 1429 item

134 1460 230 1526 tertio
250 1483 354 1526 nonas
375 1461 476 1527 Mart.
505 1459 628 1528 Caesar
650 1462 758 1528 cancri
780 1472 894 1527 exortu
915 1463 951 1526 id
971 1462 1040 1528 fieri
1062 1461 1257 1542 observavit,
1311 1499 1315 1504 -

133 1561 236 1626 maior
257 1585 332 1646 pars
354 1572 519 1629 auctorum
533 1563 754 1630 vindemitoris
770 1586 905 1631 emersu.
929 1560 1057 1655 Octavo
1070 1564 1144 1628 idus
1158 1564 1258 1629 Mart.

134 1661 289 1745 aquilonii
316 1664 416 1750 piscis
443 1675 573 1730 exortus
602 1675 635 1730 et
656 1675 786 1751 postero
809 1665 861 1729 die
884 1662 1018 1731 Orionis
1040 1674 1072 1728 et
1093 1663 1127 1727 in
1148 1661 1259 1729 Attica

133 1762 249 1828 milvos
280 1765 436 1851 adparere
469 1775 624 1832 servatur.
658 1764 781 1831 Caesar
808 1776 841 1832 et
866 1765 976 1831 idibus
997 1764 1128 1830 Martiis
1149 1764 1257 1829 feralis

136 1864 197 1930 sibi
218 1867 340 1931 notavit
362 1867 540 1951 scorpionis
561 1888 707 1945 occasus,
729 1889 788 1932 xv.
802 1866 958 1932 kalendas
972 1889 1051 1932 vero
1065 1865 1171 1951 April.
1188 1863 1256 1928 Ita·

134 1966 209 2031 liae
228 1966 358 2032 milvom
393 1967 548 2046 ostendit3
581 1990 640 2031 xn.
670 1967 826 2032 kalendas
855 1966 962 2052 April.
992 1989 1084 2031 ecum
1112 1964 1257 2031 occidere

133 2069 299 2134 matutino.
336 2068 409 2133 Hoc
437 2068 641 2134 intervallum
667 2069 820 2154 temporis
842 2066 1084 2154 vegetissimum
1105 2065 1256 2154 agricolis
1269 2083 1319 2130 aas

133 2184 346 2254 maxumeque
360 2191 539 2256 operosum
560 2180 620 2248 est,
641 2169 675 2233 in
694 2191 758 2253 quo
773 2169 946 2256 praecipue
959 2168 1127 2247 falluntur3
1152 2189 1256 2252 neque

133 2270 219 2334 enim
241 2293 279 2336 eo
305 2270 357 2334 die
386 2281 542 2337 vocantur
563 2271 605 2334 ad
626 2268 746 2348 munia,
777 2292 841 2353 quo
868 2269 1015 2336 favonius
1040 2268 1119 2333 flare
1141 2268 1257 2334 debeat

133 2370 190 2435 sed
212 2392 276 2455 quo
299 2370 451 2457 eoeperit.
488 2369 563 2437 Hoc
589 2371 655 2436 acri
683 2370 859 2436 intentione
888 2368 1080 2436 servandum
1110 2378 1168 2445 est,
1195 2368 1257 2437 hoc

133 2470 186 2537 illo
217 2494 328 2538 mense
361 2472 489 2560 signum
516 2472 597 2537 deus
624 2470 720 2536 habet
747 2470 970 2536 observatione
991 2472 1133 2534 minume
1153 2467 1256 2534 fallaci

134 2583 189 2636 aut
217 2573 330 2654 dubia,
361 2574 389 2640 si
415 2575 488 2658 quis
517 2572 672 2637 attendat.
709 2571 808 2636 Unde
837 2582 945 2636 autem
968 2570 1069 2656 spiret
1088 2570 1118 2634 is
1139 2578 1255 2633 ventus

134 2695 260 2759 quaque
280 2685 373 2762 parte
394 2675 519 2754 veniat,
549 2672 690 2738 diximus
713 2674 854 2738 secundo
875 2671 1035 2736 volumine
1058 2678 1090 2733 et
1111 2669 1255 2733 dicemus

134 2848 220 2910 spicio.
240 2888 272 2897 -
295 2847 454 2912 ipsarumque,
466 2851 519 2900 Da.
538 2889 570 2898 ..
593 2846 703 2910 lamium,
714 2849 828 2910 Barbar.,
845 2847 916 2897 ouius
927 2846 997 2896 vocis
1008 2858 1094 2894 veram
1105 2858 1155 2906 ego
1168 2844 1255 2894 ortho-

134 2915 266 2979 graphiam
276 2917 380 2966 restitui.
399 2915 477 2978 leuca
489 2918 522 2967 D.
541 2914 626 2976 horas,
637 2931 657 2966 r.
677 2913 757 2977 locor,
770 2917 841 2965 Tad.
863 2911 965 2973 tubulus,
977 2926 996 2977 γ
1006 2927 1039 2962 ex
1052 2912 1112 2961 edit.
1125 2912 1203 2976 princ.
1224 2951 1254 2960 ..

130 2996 249 3046 purpura
266 2981 327 3033 huie
337 2984 395 3032 voci
407 2983 544 3033 subiiciunt
555 2990 598 3031 out
609 2983 774 3045 uovuasucere
785 2979 858 3047 ᾱβγ,
876 2987 920 3029 aut
930 2995 1004 3028 novus
1009 2980 1099 3043 fucere
1110 2977 1256 3028 antelucanis

134 3062 157 3111 a,
174 3064 240 3113 quae
251 3059 318 3100 reete
330 3050 425 3101 omittit
436 3052 470 3111 D,
481 3058 511 3100 nt
523 3066 537 3100 e
549 3051 720 3114 superioribus
731 3050 799 3100 mule
809 3049 923 3113 repetita
1326 3043 1332 3058 ‘

135 3133 137 3136 ·
166 3118 252 3180 52³7.
278 3132 381 3180 vernum,
399 3133 450 3167 om.
463 3119 545 3168 schol.
558 3118 677 3169 German.
697 3158 728 3166 -
756 3115 844 3172 XIV..
861 3116 936 3166 Tad.
962 3112 982 3162 Ι
986 3113 1022 3176 V,
1039 3115 1122 3164 schol.
1135 3113 1255 3164 German.
1300 3114 1304 3119 '

133 3182 164 3234 X
169 3181 236 3246 1⁷11,
247 3179 278 3245 β.
298 3226 328 3234 -
347 3183 507 3248 quatriduum,
520 3185 600 3236 schol.
613 3185 734 3235 German.
753 3225 784 3233 ..
803 3181 903 3243 auriam,
915 3182 947 3231 K.
961 3223 992 3231 ..
1011 3179 1058 3230 ccl.
1073 3181 1160 3240 Mora,
1173 3181 1256 3232 schol.

134 3250 252 3302 German.
281 3251 401 3314 seleutius,
417 3248 511 3318 adssr.
531 3293 562 3302 ..
593 3251 665 3309 araus,
687 3251 768 3301 schol.
787 3250 906 3302 German.
927 3289 959 3298 ..
991 3256 1087 3298 exertus
1103 3248 1256 3312 verpertiaua,
1353 3286 1357 3292 .

133 3319 214 3369 schol.
227 3320 346 3371 German.
367 3361 397 3370 -
422 3321 498 3382 tertio,
515 3336 565 3370 om.
582 3319 663 3369 schol.
676 3320 795 3370 German.
816 3358 846 3366 -
870 3316 1090 3377 maior-emersu,
1108 3333 1158 3367 om.
1176 3316 1256 3366 schol.

133 3385 252 3437 German.
266 3428 297 3437 -
310 3386 477 3450 armatura,
489 3388 523 3439 D.
542 3384 629 3435 uindex
640 3378 739 3444 mitum,
752 3387 797 3435 ad.
815 3383 1000 3446 vindemiatoris,
1012 3380 1041 3446 β.
1055 3425 1087 3434 ..
1100 3383 1156 3433 idua
1169 3383 1254 3443 Mart,

133 3454 214 3504 schol.
226 3455 346 3506 German.
373 3450 542 3520 idus,adssr.
562 3495 592 3503 -
620 3452 743 3517 aquilonii,
760 3454 864 3503 Barbar.
891 3451 1076 3516 aquilamqad.
1096 3493 1126 3501 ..
1154 3457 1256 3511 exortus,

131 3521 221 3571 Dalec.
239 3529 266 3572 et
276 3524 359 3573 schol.
372 3523 491 3575 German.
517 3529 607 3582 exortu,
625 3516 718 3585 adssr.
737 3563 769 3571 ..
797 3528 820 3568 et
834 3520 860 3569 iu
875 3520 967 3581 Attice,
984 3520 1067 3570 schol.
1086 3519 1205 3569 German.
1232 3516 1257 3565 tu

131 3586 222 3650 Atace,
238 3585 330 3654 αᾱβγ.
357 3588 390 3639 tu
406 3589 509 3649 Attrece,
527 3591 672 3639 Pontedera
687 3590 735 3638 l.‘l.
752 3604 777 3653 p.
791 3594 849 3639 218.
869 3630 900 3638 ..
926 3587 1018 3647 miluo,
1036 3586 1118 3636 schol.
1137 3585 1256 3636 German.

132 3653 233 3716 uuluam,
244 3658 335 3707 Daleo.
348 3659 413 3721 adr.
437 3655 549 3718 mulvium,
560 3653 590 3718 β.
613 3654 713 3717 milvius,
724 3658 877 3707 Pontedera.
897 3697 927 3706 ..
949 3661 1066 3712 seruetur,
1079 3653 1124 3701 ad.
1135 3653 1258 3701 ›obserua-

133 3730 178 3784 tur,
194 3725 276 3775 schol
290 3725 410 3776 German.
425 3719 476 3789 βγ.
496 3766 526 3774 -
550 3722 628 3773 idiota
643 3723 752 3785 Martia,
770 3724 852 3774 schol.
866 3723 986 3774 German.
1004 3719 1037 3769 td.
1051 3719 1140 3781 Mart,
1157 3737 1181 3770 a.
1204 3718 1258 3768 idus

131 3789 229 3852 Martii,
242 3793 268 3842 d.
285 3791 339 3841 idua
350 3791 468 3854 Murtias,
479 3787 530 3856 βγ.
545 3833 576 3841 ..
594 3791 658 3852 edu,
670 3807 693 3841 a.
713 3832 743 3840 -
763 3790 861 3850 nouauit,
873 3792 910 3841 ad
921 3787 1015 3851 (schol.
1028 3786 1165 3849 German.)
1182 3785 1257 3835 uduo-

132 3858 197 3921 tuuc,
208 3854 261 3924 fir.
280 3901 312 3909 ..
330 3875 434 3921 occuaua,
447 3860 528 3910 schol.
542 3860 660 3910 German.
679 3874 771 3918 occasu,
784 3853 877 3922 udssr.
895 3897 926 3906 ..
945 3856 978 3906 X
982 3855 1020 3911 V..
1032 3857 1079 3904 ad.
1102 3853 1257 3915 111.,scu01.

131 3925 251 3978 German.
270 3968 301 3978 ..
322 3925 438 3976 aczadas
449 3942 512 3989 vero,
525 3930 568 3977 ad.
586 3924 640 3984 cul,
652 3927 734 3977 schol.
747 3926 867 3977 German.
886 3940 940 3973 uero
951 3921 1073 3984 colendas,
1086 3916 1136 3987 βγ.
1156 3963 1186 3972 -
1205 3919 1258 3970 mit.

100 4040 103 4049 ,
125 3996 183 4042 Μ
194 3993 304 4057 cunda,
315 4011 338 4045 a
361 3993 455 4044 miluum
468 3992 566 4052 ostendi,
579 3989 651 4058 ddr.
675 3992 759 4042 miluus
770 3991 908 4054 ostenditur,
919 3992 999 4042 schol.
1013 3990 1135 4041 German.
1156 4030 1186 4038 -
1211 3987 1257 4038 cul.

130 4059 237 4125 Apulos,
249 4063 333 4113 sehol.
346 4061 465 4114 German.
484 4061 542 4124 leel,
554 4078 577 4111 a.
599 4059 721 4122 celandus,
735 4057 807 4125 dssr.
827 4101 858 4110 ..
876 4074 966 4123 equita,
980 4059 1004 4107 d.
1028 4071 1123 4119 usqum,
1135 4073 1159 4106 a.
1177 4072 1257 4120 equuus,

130 4128 213 4179 schol.
226 4129 347 4180 German.
368 4170 398 4178 -
416 4128 509 4191 occidit,
522 4130 604 4180 schol.
616 4129 737 4179 German.

163 4198 250 4260 52³8.
268 4193 388 4259 deletui
408 4239 439 4247 -
458 4196 557 4261 upri,a.
577 4237 606 4246 -
626 4204 712 4256 uatem
724 4200 748 4247 d.
766 4203 815 4257 aut,
828 4211 852 4248 a.
869 4233 901 4245 ..
920 4193 1013 4254 ique.
1032 4189 1081 4252 Ιιίε,
1093 4205 1116 4238 a.
1135 4186 1213 4251 aad.
1228 4231 1257 4239 ..

130 4260 270 4327 mumma,
284 4269 333 4315 122
345 4278 414 4328 seqq.
