2754 4726
292 298 362 347 am.
379 301 479 348 xv111.
510 301 587 348 cnr.
604 303 733 349 xxvrn.
751 306 848 352 xxlx.
878 306 975 354 sacr.
992 310 1022 352 ss.
1037 311 1068 353 se.
1174 293 1236 359 209

114 452 154 518 ab
175 450 315 517 horridis
338 449 498 518 sideribus
520 463 648 529 exeunt,
678 464 713 517 ut
736 456 862 541 saepius
883 456 1033 537 diximus,
1061 459 1162 527 veluti
1183 482 1237 526 ar·

114 565 222 632 ctum,
246 550 385 630 Orione,
407 553 529 619 hoedis.
567 550 643 617 Alia
665 565 740 620 sunt
761 556 815 620 illa
837 579 918 641 quae
940 559 1052 626 silente
1073 562 1161 629 caelo
1184 583 1236 628 se·
1249 579 1299 625 220

113 653 264 738 renisque
284 654 433 720 noctibus
454 654 552 733 liunt,
574 655 661 720 nullo
683 657 840 723 sentiente
860 658 925 723 nisi
946 682 1019 725 cum
1040 661 1124 727 facta
1145 673 1236 742 sunt3

112 756 242 843 publica
267 765 301 820 et
322 777 459 842 magnae
488 766 563 821 sunt
584 756 783 824 differentias
805 782 825 823 a
845 759 1024 846 prioribus,
1051 762 1122 829 aliis
1148 764 1236 830 robi-

113 858 231 944 ginem,
254 857 326 923 aliis
341 857 517 937 uredinem,
541 858 612 923 aliis
627 859 856 925 carbunculum
871 861 1118 948 appellantibus,
1133 867 1237 931 omni-

113 959 173 1026 bus
195 981 273 1025 vero
296 959 507 1024 sterilitatem.
529 959 581 1025 De
603 959 653 1024 his
667 984 752 1027 nunc
767 961 911 1028 dicemus
933 987 952 1029 a
973 965 1061 1031 nullo
1081 975 1157 1033 ante
1177 989 1238 1034 nos

112 1060 240 1146 prodita
261 1060 416 1146 priusque
437 1082 551 1125 causas
571 1061 753 1128 reddemus.

153 1159 294 1226 XXIX.
327 1161 423 1226 Duae
445 1171 521 1226 suut
542 1172 669 1248 praeter
690 1163 834 1229 lunarem
856 1165 1035 1250 paucisque
1055 1167 1136 1233 caeli
1156 1168 1299 1237 10010200

35 1326 39 1334 ,
112 1273 270 1328 constant.
301 1260 452 1347 Namque
478 1263 631 1347 vergiliae
653 1264 825 1351 primatum
847 1275 955 1331 tenent
976 1268 1178 1347 adfractus,
1199 1278 1237 1336 ut

112 1385 247 1448 quarum
270 1372 385 1428 exortu
404 1373 510 1429 aestas
525 1364 671 1450 incipiat,
694 1387 812 1430 occasu
825 1365 945 1443 hiems3
968 1371 1115 1435 semestri
1130 1371 1237 1456 spatio

110 1463 193 1529 intra
215 1487 250 1530 se
272 1473 306 1529 et
326 1465 440 1529 messis
462 1463 705 1550 vindemiasque
727 1476 760 1531 et
781 1467 922 1532 omnium
935 1470 1152 1535 maturitatem
1166 1493 1235 1536 am-

95 1566 290 1651 plexantur.
313 1563 376 1630 Est
397 1576 562 1651 praeterea
583 1567 616 1630 in
632 1568 720 1633 caelo
734 1567 791 1652 qui
805 1579 937 1634 vocatur
949 1568 1072 1636 lacteus
1087 1571 1237 1650 circulus,

110 1666 208 1732 etiam
228 1666 303 1732 visu
327 1667 439 1732 facilis.
462 1666 572 1733 Huius
593 1667 732 1733 defluvio
753 1668 842 1735 velut
863 1692 904 1735 ex
925 1670 1024 1736 ubere
1045 1671 1150 1757 aliquo
1167 1681 1295 1737 0010281

109 1779 225 1834 cuncta
251 1769 430 1834 lactescunt
457 1769 592 1834 ducrum
615 1770 755 1835 siderum
780 1769 1018 1851 observatione,
1051 1773 1175 1858 aquilae
1201 1773 1236 1836 in

109 1869 351 1956 septentrionali
377 1881 468 1956 parte
490 1870 576 1934 etin
598 1871 743 1935 austrina
766 1872 945 1950 caniculae,
974 1873 1066 1938 cuius
1094 1871 1233 1938 mentio-

107 1993 182 2035 nem
205 1994 263 2036 suo
284 1971 354 2038 loco
375 1971 522 2037 fecimus.
557 1971 635 2056 Ipse
662 1971 800 2037 circulus
829 1972 931 2036 fertur
951 1994 1010 2057 per
1032 1972 1235 2061 sagittarium

107 2082 205 2157 atque
227 2073 388 2160 geminos,
418 2073 493 2138 solis
515 2083 659 2138 centrum
685 2072 770 2138 infra
792 2071 1056 2157 aequinoctialem
1079 2074 1234 2139 circulum

108 2195 241 2252 secans,
264 2175 483 2240 conmissuras
506 2197 616 2240 eorum
637 2174 803 2260 optinente
823 2174 899 2240 hino
920 2173 1042 2259 aquila,
1070 2172 1158 2241 illinc
1179 2196 1233 2241 ca-

106 2274 226 2340 nicula.
263 2275 343 2341 Ideo
365 2276 500 2341 effectus
521 2277 687 2361 utriusque
709 2277 751 2341 ad
773 2276 875 2342 omnis
896 2276 1070 2364 frugiferas
1091 2277 1233 2362 pertinet
1246 2290 1295 2335 202

108 2387 226 2455 terras,
260 2376 411 2463 quoniam
439 2377 474 2440 in
501 2376 551 2442 his
578 2387 701 2442 tantum
727 2377 804 2442 locis
834 2377 911 2443 solis
932 2387 1101 2461 terraeque
1123 2387 1234 2442 centra

107 2487 303 2564 congruunt.
323 2476 431 2565 Igitur
451 2478 565 2543 horum
587 2478 728 2543 siderum
749 2478 880 2557 diebus,
904 2479 930 2543 si
944 2501 1046 2564 purus
1060 2486 1157 2560 atque
1171 2477 1231 2540 mi-

107 2579 150 2644 tis
179 2600 236 2645 aer
263 2578 435 2665 genitalem
468 2578 559 2645 illum
591 2580 791 2663 lacteumque
822 2600 935 2643 sucum
961 2577 1173 2643 transmiserit
1198 2577 1232 2641 in

106 2691 228 2758 terras,
251 2679 335 2744 laeta
352 2679 542 2764 adulescunt
564 2690 649 2757 sata3
672 2679 700 2743 si
718 2678 796 2743 luna
818 2700 882 2762 qua
900 2677 1023 2742 dictum
1041 2689 1090 2742 est
1108 2678 1232 2743 ratione

107 2781 271 2847 roscidum
293 2780 397 2869 frigus
419 2780 630 2867 adsperserit,
659 2779 802 2844 admixta
828 2778 1006 2843 amaritudo
1032 2787 1069 2843 ut
1095 2778 1129 2842 in
1149 2778 1231 2843 lacte

107 2883 317 2970 puerperium
337 2893 440 2948 necat.
462 2881 583 2948 Modus
604 2882 638 2946 in
660 2880 752 2946 terris
774 2881 869 2945 huius
890 2879 1043 2958 iniuriae,
1065 2900 1163 2964 quem
1182 2877 1293 2944 10-200

109 2984 152 3048 cit
177 2985 213 3049 in
240 3006 444 3070 quacumque
473 2983 674 3048 convexitate
704 2981 873 3046 comitatus
899 2979 1067 3065 utriusque
1101 3001 1229 3057 causae,

110 3096 141 3150 et
162 3085 234 3152 ideo
256 3108 321 3150 non
342 3085 465 3172 pariter
485 3084 519 3149 in
542 3095 608 3151 toto
629 3082 706 3150 orbe
721 3083 874 3160 sentitur,
898 3091 934 3144 ut
947 3103 1007 3146 nec
1022 3080 1100 3145 dies.
1123 3078 1229 3164 Aqui-

111 3256 240 3323 asyam,
252 3259 333 3309 schol
345 3258 464 3311 German.
476 3299 508 3309 ..
528 3255 704 3321 impellentem,
715 3256 796 3306 schol.
809 3254 928 3310 German.
941 3288 973 3305 .-
991 3253 1093 3305 dicemus
1103 3271 1166 3319 qaae
1174 3263 1230 3304 0010

111 3340 150 3374 aas
161 3343 178 3375 0
188 3324 255 3376 mallo
265 3333 321 3375 0001
328 3324 434 3390 prodita.
450 3325 526 3376 Prius
537 3341 624 3373 causas
634 3321 758 3373 reddemus
769 3339 855 3385 eoram,
867 3324 949 3374 schol.
962 3322 1081 3375 German.
1212 3330 1216 3338 '

142 3391 227 3453 §ese
246 3408 309 3456 quae
322 3401 379 3441 sunt
390 3402 489 3456 praeter
501 3391 607 3441 lusorem
624 3399 647 3439 et
664 3407 725 3455 quae
738 3390 832 3455 000020,
850 3392 931 3442 schol.
945 3391 1064 3442 German.
1084 3433 1115 3440 -
1133 3388 1201 3450 caeli,
1214 3406 1230 3440 0

112 3457 200 3520 (schol.
212 3459 347 3523 German.)
360 3462 448 3512 omitt.
461 3463 513 3511 Td.
527 3500 558 3509 ..
573 3458 702 3524 primatum
712 3466 797 3521 tenent,
810 3460 892 3509 schol.
902 3459 1021 3510 German.
1031 3459 1160 3523 primatum
1172 3457 1228 3506 atti-

112 3536 168 3589 2001,
178 3530 232 3579 Td.
246 3527 362 3592 privatim
375 3528 482 3589 attinem,
494 3522 564 3592 οβγ.
578 3569 608 3577 ..
622 3535 647 3576 01
658 3543 759 3591 quarum
771 3535 797 3577 et
808 3526 915 3590 inrapiat,
927 3529 972 3577 ad.
990 3543 1090 3590 quaram
1103 3534 1128 3575 et
1139 3524 1228 3587 incipit,

113 3596 189 3645 schol.
202 3595 323 3647 German.
342 3637 373 3646 ..
392 3601 479 3656 aestas,
491 3597 515 3644 d.
528 3635 560 3644 ..
577 3593 702 3656 semestris,
714 3610 737 3644 a.
750 3635 781 3644 ..
800 3601 823 3642 01
833 3610 925 3656 messes,
938 3596 1020 3645 schol.
1032 3593 1152 3644 German.
1170 3607 1229 3639 mes-

113 3670 153 3723 008,
165 3658 257 3727 αᾶβγ.
276 3703 309 3713 -
327 3663 508 3725 maturitates.
521 3702 553 3711 -
571 3661 743 3726 amplexantur,
756 3663 837 3712 schol.
850 3662 969 3714 German.
988 3659 1119 3725 complectit,
1131 3676 1154 3709 a.
1167 3675 1228 3708 com-

112 3726 195 3790 plectit,
206 3733 231 3781 d.
248 3728 392 3794 complexae,
403 3725 454 3794 βγ.

145 3799 227 3860 §²81-
245 3797 449 3863 fecimus§268.
474 3837 504 3846 ..
531 3803 633 3846 cestram
650 3797 724 3862 infre,
741 3797 766 3848 K
783 3795 876 3859 (schol.
895 3794 1030 3859 German.)
1056 3792 1189 3855 centronis,
1205 3809 1227 3844 a.

116 3873 186 3914 centro
197 3864 246 3927 vir,
258 3883 278 3916 r.
299 3873 377 3914 000120
389 3865 431 3925 bis,
444 3859 515 3929 ᾱβγ.

145 3930 228 3991 1282.
252 3932 361 3996 pertinet,
373 3934 456 3983 schol.
470 3933 589 3984 German.
608 3930 735 3996 perticam,
748 3927 839 3996 adssr.
864 3972 894 3981 ..
918 3937 1044 3991 contras.
1063 3972 1093 3978 -
1119 3927 1228 3976 transmi-

118 3998 174 4061 serit,
187 4001 267 4051 schol.
281 4000 400 4052 German.
420 4000 557 4061 transmiat,
570 4003 613 4050 ad.
633 3999 778 4056 manmnittit,
791 4000 823 4048 T.
836 4041 867 4048 ..
885 3998 923 4046 sin
936 3996 999 4059 lana,
1011 3999 1079 4049 Pint.
1092 4037 1122 4045 „
1143 3994 1228 4044 dictam

120 4072 148 4111 ³8!
158 4069 170 4130 ξ
181 4071 239 4119 277.
259 4110 290 4118 ..
310 4068 445 4132 asperserit,
457 4069 538 4118 schol.
551 4067 671 4118 German.
689 4065 797 4130 aspersit,
810 4068 884 4117 Tad.

148 4135 226 4196 §aaa
253 4137 279 4187 ia
292 4135 361 4184 102220
373 4134 442 4184 12οἰ00
453 4135 562 4197 iniuriae,
574 4150 590 4184 a
601 4132 697 4196 (schol.
710 4132 842 4196 German.)
860 4131 964 4181 iniuriae
975 4129 1077 4180 laisein
1087 4130 1165 4190 terris,
1175 4130 1227 4179 Td.

38 4230 41 4237 ·
123 4201 333 4322 -bemlliim
355 4244 387 4254 -
405 4219 484 4268 qaam,
496 4204 576 4254 schol.
590 4203 708 4254 German.
726 4217 781 4264 qua,
794 4202 866 4251 Tad.
984 4262 1024 4324 14

185 4283 219 4321 nv.
