2754 4726
400 281 469 327 nm.
486 281 562 329 xix.
594 281 672 329 car.
690 283 723 328 r.
754 281 851 330 sacr.
867 284 899 327 aa.
913 283 944 325 a.
1174 269 1235 334 ato

110 432 149 497 ln
172 433 278 518 priore
300 431 379 496 mire
403 430 489 496 tenui
512 431 660 516 pediculo
673 431 809 498 libratur
824 434 950 518 pondus
963 432 1116 501 inmobile
1127 458 1235 502 aurae.

112 531 291 599 Cucurbita
318 553 445 617 quoque
474 532 560 597 omni
587 533 683 599 modo
709 534 895 620 fastigatur,
929 534 1055 620 vaginis
1087 558 1236 602 maxume

112 633 274 712 vitilibus,
298 633 442 699 coniecta
462 632 496 696 in
519 655 573 697 eas
594 644 765 719 postquam
788 634 950 711 defloruit,
973 630 1150 721 crescitque
1171 659 1236 722 qua

114 733 242 819 cogitur
262 733 374 809 forma,
396 731 586 817 plerumque
608 743 640 798 et
659 733 808 799 draconis
823 734 932 800 intorti
946 734 1065 820 figura3
1087 737 1236 804 libertate

111 858 188 900 vero
217 833 334 920 pensili
356 855 509 900 concessa
529 833 593 901 iam
615 833 684 901 visa
706 845 756 900 est
778 856 892 899 uorem
918 835 1040 921 pedum
1059 837 1236 923 longitudi-

112 935 173 999 nis.
202 934 424 1000 Particulatim
447 934 589 1001 cucumis
610 934 703 999 floret
726 934 787 1000 sibi
808 936 879 1021 ipse
901 936 1183 1021 supcrflorescens,
1205 950 1238 1004 ct

112 1035 262 1101 sicciores
281 1036 368 1101 locos
389 1035 523 1121 patitur,
554 1035 692 1103 candida
717 1036 868 1120 lanugine
890 1035 1048 1102 obductus
1070 1039 1238 1124 magisque

112 1136 189 1202 dum
221 1134 347 1203 crescit.
393 1132 644 1202 cucurbitarum
678 1135 881 1202 numerosior
912 1158 991 1202 usus
1003 1163 1013 1214 ς
1049 1148 1081 1201 ct
1113 1140 1237 1222 primus
1252 1157 1281 1204 τι

112 1236 211 1301 caulis
232 1237 268 1303 in
289 1235 379 1314 cibo,
402 1245 498 1320 atquc
521 1257 561 1300 ex
584 1257 622 1299 eo
644 1235 678 1302 in
700 1245 802 1303 totum
823 1246 938 1301 natura
959 1237 1104 1314 diversas
1133 1261 1238 1324 nuper

114 1337 149 1401 in
170 1335 365 1405 balnearum
391 1358 487 1400 usum
509 1357 626 1401 venere
647 1357 816 1401 urceorum
837 1337 922 1414 vice,
950 1336 1140 1422 iampridem
1161 1362 1237 1406 vero

113 1437 209 1505 etiam
230 1437 384 1505 cadorum
406 1437 448 1502 ad
470 1437 545 1501 vina
566 1435 741 1501 condenda.
787 1433 907 1503 Cortex
928 1437 1024 1504 viridi
1046 1448 1151 1516 tener3
1179 1441 1236 1506 de-

112 1538 234 1605 raditur
254 1538 461 1605 nihilominus
481 1537 516 1601 in
538 1536 629 1602 cibis.
654 1534 758 1602 Cibus
781 1537 908 1603 saluber
929 1561 967 1602 ac
987 1537 1068 1604 levis
1089 1540 1238 1623 pluribus

113 1639 233 1717 modis,
261 1662 303 1705 ex
332 1639 383 1709 his
405 1649 511 1709 tamen
533 1637 588 1722 qui
610 1637 719 1723 perfici
742 1638 881 1705 humano
903 1649 1014 1704 ventre
1036 1662 1098 1705 non
1121 1654 1239 1726 queant

116 1739 174 1807 sed
201 1739 426 1805 intumescant.
462 1737 593 1805 Semina
620 1760 703 1823 quae
729 1761 886 1825 proxuma
908 1739 989 1805 collo
1010 1741 1139 1807 mourut
1161 1763 1238 1826 pro·
1253 1756 1285 1803 ta

117 1861 209 1904 ceras
229 1838 371 1924 pariunt,
392 1839 470 1905 item
491 1837 531 1903 ab
552 1837 638 1916 imis,
661 1839 717 1905 ssd
738 1862 803 1906 nou
826 1839 1046 1924 conparandas
1067 1862 1166 1925 supra
1187 1841 1238 1905 di·

115 1940 193 2014 ctis,
224 1950 257 2003 at
278 1959 361 2020 quae
382 1937 415 2005 in
437 1937 543 2007 medio
572 1938 739 2015 rotundas,
766 1939 903 2021 quaein
929 1938 1083 2007 lateribus
1113 1963 1239 2007 crassas

112 2039 360 2121 brevioresque3
395 2037 555 2105 siccantur
575 2037 609 2101 in
631 2037 744 2105 umbra
765 2049 813 2115 ct,
843 2060 916 2103 cum
937 2038 1035 2105 libeat
1056 2062 1178 2120 serere,
1204 2041 1239 2109 ia

114 2163 197 2224 aqua
219 2150 431 2208 macerantur.
463 2135 567 2217 Cibis,
590 2160 654 2223 quo
676 2139 836 2226 longiores
859 2140 1094 2225 tenuioresque,
1116 2152 1148 2206 et
1161 2166 1237 2230 gra-
1252 2158 1283 2206 ra

116 2241 229 2317 tiores,
256 2251 288 2304 et
317 2238 359 2303 cb
384 2238 418 2305 id
441 2236 636 2305 salubriores
659 2258 744 2321 quae
766 2239 937 2324 pendendo
958 2263 1087 2306 crevere
1094 2265 1103 2318 3
1130 2243 1236 2309 minu-

114 2362 266 2423 mumque
289 2339 418 2405 seminis
439 2340 518 2403 tales
540 2337 674 2415 habent,
703 2338 823 2405 duritia
848 2340 918 2405 cius
940 2340 975 2405 in
996 2341 1078 2407 cibis
1099 2343 1237 2428 gratiam

116 2440 314 2507 terminante.
350 2437 419 2507 Eas
446 2460 529 2522 quae
550 2438 664 2506 semini
687 2450 852 2507 serventur
879 2451 954 2505 ante
979 2441 1115 2506 hiemem
1142 2466 1237 2528 prae·

118 2538 181 2603 cidi
210 2561 275 2605 uon
303 2549 351 2607 cst
371 2561 457 2614 most
487 2549 601 2625 posteo
621 2539 710 2603 fumo
730 2539 891 2605 siccantur
911 2541 1086 2635 condendis
1107 2541 1236 2609 horten-

118 2639 239 2703 siorum
266 2637 442 2707 seminibus
467 2649 501 2703 et
528 2639 666 2705 misticae
695 2640 894 2725 supellectili.
930 2639 1066 2709 Inventa
1087 2653 1137 2707 est
1157 2643 1237 2708 ratio
1252 2658 1283 2706 ts

116 2759 181 2821 qua
202 2737 283 2804 cibis
305 2759 432 2822 quoque
454 2747 669 2815 servarentur,
692 2739 868 2823 eodemque
888 2741 984 2807 modo
1006 2742 1159 2820 cucumis,
1180 2764 1237 2808 us-

116 2861 179 2923 que
208 2839 250 2905 ad
278 2837 356 2903 alios
383 2859 485 2924 paene
506 2848 697 2923 proventus,
730 2850 763 2902 et
790 2839 825 2905 id
850 2840 979 2924 quidem
1006 2842 1040 2905 in
1060 2844 1164 2907 muria
1185 2844 1237 2922 fia
1276 2878 1283 2889 a

117 2938 173 3003 sed
196 2949 228 3003 et
256 2939 368 3006 scrobe
388 2960 490 3025 opaco
510 2939 545 3003 in
571 2938 642 3007 loco
663 2937 782 3007 harena
804 2939 965 3007 substrato
986 2940 1124 3026 fenoque
1150 2943 1237 3009 sicco

116 3039 238 3124 opertis
259 3062 298 3104 ao
320 3039 435 3105 deinde
458 3050 552 3117 terro,
575 3038 688 3106 viridis
710 3040 832 3109 servari
851 3039 991 3107 madunt.
1021 3041 1105 3108 Sunt
1126 3053 1158 3107 et
1181 3045 1236 3109 sil-

116 3207 146 3271 β.
156 3211 291 3276 figuratur,
304 3213 337 3263 K.
358 3253 388 3262 -
406 3210 509 3272 aebbae,
521 3209 814 3272 ccdfictibbaaflsrd.
834 3251 864 3263 ..
886 3213 1021 3277 mersitque,
1038 3207 1126 3266 daed.
1145 3217 1236 3281 erescit,

90 3294 93 3301 ·
116 3274 145 3339 s.
167 3319 189 3327 -
217 3277 373 3342 rursus,
389 3270 417 3328 a
437 3320 469 3331 ..
487 3277 655 3340 amessa
672 3272 794 3343 castr.

150 3349 165 3410 ς
179 3351 219 3400 u.
242 3346 336 3409 prims,
348 3348 372 3396 e.
392 3386 422 3396 -
442 3345 467 3394 in
480 3353 559 3405 amm,
574 3338 711 3397 tiraces.
728 3352 806 3407 aaa,
817 3341 847 3408 β,
864 3345 901 3397 At
911 3347 1005 3398 arcae
1015 3348 1040 3398 ia
1052 3357 1132 3414 aaa,
1144 3353 1234 3412 Dalm,

117 3454 147 3462 -
169 3411 313 3474 balnearum,
326 3417 383 3464 acd
395 3411 505 3477 (Appul.
517 3429 541 3476 p.
554 3411 626 3476 276.)
648 3411 802 3474 balinearum,
812 3408 865 3478 βγ,
883 3455 914 3465 ..
941 3413 1234 3482 Oibmsolaberoelevle,
1286 3430 1291 3439 '

117 3483 148 3530 Τ.
170 3478 240 3558 Ctbaa
251 3479 346 3529 saluber
357 3497 387 3529 ac
399 3479 466 3541 lanis,
478 3475 548 3540 edst.
573 3479 669 3529 saluber
681 3479 792 3542 berham,
803 3482 900 3547 Appul.
927 3479 994 3532 Ctbca
1005 3484 1112 3534 salubres
1123 3502 1153 3534 oe
1165 3485 1234 3548 baca,

98 3543 1168 3680 ·semitissiccitateattestatas-sltem
1181 3555 1234 3671 et

117 3689 212 3744 queam,
223 3684 288 3732 aed.
307 3698 361 3744 neg·
373 3689 422 3743 ant,
434 3681 531 3746 Appul.
549 3722 581 3732 ..
598 3678 648 3742 aad,
661 3696 682 3732 c.
699 3680 743 3730 sed
753 3697 807 3744 aon,
819 3686 856 3734 ad
868 3681 989 3748 (AppuL)
1001 3679 1052 3748 βν.

180 3752 220 3799 ta.
238 3749 348 3812 firment,
362 3742 425 3801 θεά
437 3746 560 3815 (appar.)
573 3746 642 3811 fuer,
654 3763 675 3798 e.
689 3749 793 3812 suerint,
805 3745 856 3814 βγ.
880 3791 910 3800 ..
937 3749 981 3800 aad
991 3751 1157 3814 non-dicta,
1169 3758 1233 3810 aed.

116 3831 128 3862 s
173 3814 254 3878 aliquo
269 3815 353 3877 minas,
370 3815 466 3881 Appul.
491 3857 522 3867 ,
548 3822 655 3879 atquae,
671 3816 707 3866 ita
722 3832 769 3871 nos
785 3819 833 3868 scri
853 3819 938 3868 simus.
965 3817 1137 3884 adq5,Appul.
1165 3838 1233 3885 qaae,

116 3878 229 3947 acdssy.
248 3923 280 3932 ..
297 3881 420 3944 rotundas,
432 3883 528 3948 Appul.
545 3880 665 3945 rotondus,
677 3885 701 3933 d.
719 3899 819 3947 mmpan
866 3900 907 3946 ‚a
925 3900 977 3934 rum
989 3884 1083 3948 madar,
1095 3903 1117 3937 c.

151 3947 219 4010 §lta
246 3950 404 4014 storatiorea,
419 3944 516 4001 OTac.
543 3949 711 4010 atcraast'orea,
724 3953 747 4000 d.
775 3947 999 4016 moratioraassr.
1022 3994 1054 4003 ..
1077 3953 1233 4016 praedm,

118 4015 397 4133 -lltortertsiam,l²int
421 4059 452 4071 ..
480 4017 623 4079 asceticae,
638 4011 667 4067 θ.
694 4018 803 4077 mttere,
816 4013 928 4083 acdssr.
951 4028 974 4067 at
984 4019 1074 4068 mattha
1085 4019 1234 4085 supellectile,

116 4085 158 4132 Da
169 4099 205 4134 sc.

151 4153 218 4215 §74¹
245 4151 355 4211 mma,
371 4145 490 4202 OTacd.
515 4145 692 4212 summast.
717 4191 748 4203 ..
771 4151 1073 4214 muriaomissoin,acd.
1098 4195 1129 4204 ..
1152 4172 1232 4204 aum-
1293 4211 1296 4219 f

118 4218 220 4280 beffaea
233 4221 257 4268 d.
283 4259 311 4267 -
337 4217 431 4281 operta,
444 4220 507 4266 scd.
533 4217 565 4267 1d
576 4218 666 4281 recepi,
679 4219 740 4280 quia
751 4227 843 4282 opertos
853 4215 897 4282 βγ
908 4222 979 4269 nullo
991 4222 1068 4270 modo
1080 4237 1167 4272 verum
1179 4238 1234 4275 caat
