2754 4726
389 302 458 350 ms.
476 303 537 352 xx,
567 301 646 350 cnr.
664 303 745 359 vm.
769 301 869 351 seor.
884 303 967 348 aar.
1169 286 1231 351 309

106 455 248 543 prodest.
271 454 371 540 Aqua
392 463 501 520 autem
523 452 616 519 betae
640 450 746 518 radice
769 452 917 520 decoctae
937 454 1079 519 maculas
1095 453 1232 520 vestium

107 559 171 623 elui
193 559 313 634 dicunt,
335 555 412 621 item
433 555 702 621 membranarum.

149 661 201 723 29.
223 658 333 724 Intubi
354 679 484 741 quoque
506 678 570 723 non
593 666 684 721 extra
704 654 847 720 remedia
870 665 954 720 sunt.
993 652 1099 721 Sueus
1120 676 1231 721 eorum
1247 671 1277 720 ta

105 781 179 822 oum
193 779 323 824 rosaceo
345 771 377 823 et
399 768 490 823 aceto
511 757 622 842 capitis
645 756 771 822 dolores
785 755 875 834 lenit,
897 755 1048 840 idemque
1070 776 1142 820 cum
1157 755 1231 822 vino

106 869 204 943 potus
226 859 378 925 iocineris
400 869 432 925 et
453 859 593 934 vesicam
617 871 649 924 et
671 856 834 945 epiphoris
855 857 1029 942 inponitur.
1052 855 1233 923 Erraticum

106 960 195 1043 apud
221 982 281 1025 nos
303 960 433 1044 quidam
456 958 618 1024 ambulam
639 959 852 1045 appellavere.
886 957 927 1022 In
948 957 1104 1046 Aegypto
1126 956 1232 1024 cicho-

106 1061 191 1125 rium
213 1072 330 1127 vocant
350 1061 437 1146 quod
459 1060 605 1128 silvestre
629 1059 687 1139 sit,
716 1060 853 1126 sativom
874 1067 983 1123 autem
1006 1057 1120 1137 serim,
1148 1058 1233 1142 quod

107 1171 157 1227 est
178 1162 283 1226 minus
305 1173 338 1226 et
359 1162 519 1227 venusius.

149 1264 200 1327 30.
224 1260 409 1328 Cichorium
431 1262 616 1350 refrigerat3
639 1260 672 1324 in
695 1259 767 1326 cibo
790 1269 952 1345 sumptum
974 1269 1005 1324 et
1026 1258 1151 1325 inlitum
1167 1261 1232 1325 col-
1248 1275 1278 1322 rr

106 1363 271 1440 lectiones,
293 1385 391 1429 sucus
412 1362 539 1428 decocti
560 1362 705 1427 ventrem
727 1360 833 1438 solvit,
855 1359 988 1448 iocineri
1010 1371 1043 1426 et
1055 1359 1188 1426 renibus
1201 1371 1234 1425 et
1324 1432 1327 1437 ,

108 1463 271 1530 stomacho
293 1463 442 1549 prodest3
470 1464 548 1529 item
571 1460 655 1527 siin
676 1472 767 1527 aceto
789 1460 1005 1545 decoquatur,
1032 1460 1145 1526 urinae
1168 1472 1233 1526 tor·

107 1565 196 1629 mina
222 1565 368 1642 discutit,
396 1563 475 1629 item
501 1561 649 1628 morbum
677 1561 805 1649 regium
826 1582 844 1626 e
865 1560 986 1640 mulso,
1013 1561 1132 1627 sisine
1152 1561 1233 1628 febri

106 1665 159 1730 sit.
195 1665 347 1731 Vesicam
375 1664 523 1742 adiuvat3
552 1663 721 1729 mulierum
750 1661 881 1746 quidem
902 1661 1150 1748 purgationibus
1173 1662 1230 1728 de·

105 1777 230 1832 coctum
262 1766 296 1830 in
328 1786 412 1849 aqua
444 1765 524 1830 adeo
555 1763 689 1850 prodest
720 1777 757 1827 ut
789 1774 948 1828 emortuos
976 1773 1089 1849 partus
1118 1764 1231 1830 trabat.

105 1867 265 1932 Adiciunt
291 1866 379 1951 magi
402 1885 479 1930 suco
507 1865 606 1930 totius
628 1885 703 1928 cum
717 1863 788 1928 oleo
806 1854 1234 1950 perunctod'favorabiliores

104 1967 176 2033 fieri
198 1977 231 2032 et
252 1988 334 2051 quae
356 1965 456 2032 velint
476 1963 602 2030 facilius
623 1963 802 2049 inpetrare3
832 1962 916 2047 quod
945 1962 1076 2046 quidem
1101 1975 1235 2051 propter

106 2069 307 2154 singularem
330 2065 549 2133 salubritatem
571 2064 669 2149 aliqui
692 2062 842 2129 chreston
862 2063 1043 2150 appellant,
1070 2064 1124 2129 alii
1151 2087 1232 2151 pan·

110 2169 243 2234 oration.
1178 2236 1181 2241 ,

150 2273 201 2336 31.
224 2270 269 2336 Et
291 2270 436 2336 silvestre
451 2291 566 2357 genus,
590 2267 644 2333 alii
659 2266 867 2352 hedypnoida
881 2277 1008 2347 vocant,
1031 2267 1154 2334 latioris
1167 2267 1232 2332 foli.
1247 2285 1278 2331 ts

107 2370 317 2437 Stomachum
334 2371 527 2437 dissolutum
541 2369 715 2458 adstringit
728 2379 820 2435 cocta
834 2369 997 2454 crudaque
1012 2368 1096 2435 sistit
1110 2369 1232 2443 alvom3

105 2488 140 2540 et
161 2473 365 2559 dysintericis
387 2472 529 2559 prodest,
553 2471 658 2557 magis
680 2493 754 2536 cum
774 2471 872 2536 lente.
906 2469 1019 2555 Rupta
1035 2481 1067 2536 et
1083 2469 1234 2536 convolsa

105 2586 241 2659 utroque
270 2595 390 2661 genere
417 2573 586 2648 iuvantur,
619 2571 697 2636 item
723 2571 872 2658 genitura
898 2569 1017 2654 quibus
1038 2569 1232 2637 valetudinis

104 2675 218 2742 morbo
241 2674 360 2740 effluat.

104 2848 249 2914 gustantium
265 2864 292 2896 os
307 2844 466 2912 odediuqmt,
482 2847 533 2898 Ta.
558 2846 703 2914 querentium
719 2846 783 2895 oseti
795 2845 922 2911 stringent,
939 2848 963 2897 d.
988 2843 1112 2909 cermeria
1127 2840 1231 2893 adstrin-

106 2924 172 2980 9unt,
183 2911 212 2976 β.
237 2922 342 2979 purtem,
354 2915 386 2965 K.
405 2955 437 2964 ..
463 2913 546 2979 Aque,
558 2917 595 2966 ad
610 2911 736 2979 (Appul.)
761 2912 839 2977 Aque,
850 2915 883 2964 Τ.
903 2954 935 2964 ..
958 2919 1036 2962 autem
1048 2913 1120 2974 bema
1133 2910 1230 2976 Appnl.

106 2991 160 3044 ete,
177 2978 247 3047 αβγ.
274 2984 400 3043 eto,Td.
423 3022 455 3032 ..
481 2997 534 3031 cum
550 2979 865 3046 roeteammpeauutto,
882 2982 972 3032 Doleo.
996 3021 1028 3031 ..
1055 2977 1231 3040 demetam&

107 3047 230 3114 (Appul.)
248 3057 334 3110 coctae,
346 3045 418 3114 αβγ.
438 3090 468 3099 -
487 3049 550 3111 item,
562 3049 660 3115 Appul.
678 3049 786 3113 itemque,
797 3043 892 3112 udssr.

141 3142 210 3203 §73.
236 3139 350 3205 idemque,
368 3135 469 3192 orae.
495 3139 565 3204 idea,
581 3136 611 3203 β.
637 3141 809 3204 Transcripsit
825 3140 890 3190 haec
906 3139 974 3191 Plin.
990 3139 1077 3190 Veler.
1095 3145 1118 3200 4,
1137 3143 1175 3187 ll.
1199 3178 1230 3189 .-

108 3210 224 3270 iocineru,
240 3202 338 3260 O'l'ad.
365 3207 510 3286 ferirentur,
522 3204 552 3270 β.
571 3249 610 3288 ..Ι
628 3205 785 3267 ambulem
801 3204 908 3271 (Rigalt.
926 3214 952 3285 et
967 3207 1051 3270 regins
1069 3221 1109 3271 up.
1123 3204 1231 3257 Salmas.

108 3271 1231 3406 {atttttttrt‘itttturtluffttritfftrtttitrttttututt

108 3414 159 3462 ind.
171 3410 306 3472 ambubeia,
317 3411 362 3462 Ra
373 3408 413 3474 (in
424 3407 490 3474 ind.)
507 3408 649 3474 ombuqium
660 3405 690 3472 β.
707 3408 863 3472 ambubaiam,
875 3410 991 3460 Terrena
1002 3411 1036 3460 ad
1047 3409 1138 3461 Horat
1151 3424 1229 3460 earm.

107 3479 128 3530 1.
141 3485 182 3538 31,
197 3485 235 3530 16.
254 3477 390 3540 embolium,
402 3476 510 3529 sumar.
529 3517 560 3527 ...
578 3476 657 3539 aerim,
668 3478 714 3528 ad.
731 3476 802 3540 remu,
813 3471 865 3542 βγ.
883 3517 915 3528 ..
934 3477 1079 3539 vmmosius,
1092 3479 1117 3527 d.

141 3572 157 3634 ς
171 3575 211 3622 74.
229 3569 284 3620 inde
296 3570 381 3632 cibum,
390 3571 435 3621 ad.
448 3611 480 3621 -
491 3570 692 3632 merua'l'Kad.
709 3584 843 3632 meamque,
851 3564 905 3634 βγ.
917 3610 949 3621 ..
963 3567 1067 3632 emulao,
1077 3585 1099 3619 a
1118 3577 1141 3617 et
1149 3567 1230 3623 maleo.

108 3640 133 3689 d.
153 3679 184 3688 ..
199 3638 277 3702 febri,
289 3656 312 3689 a.
331 3637 411 3700 febre,
424 3633 496 3701 dssr.
515 3677 546 3688 ..
565 3634 725 3698 adiuuantd.
744 3676 775 3686 -
797 3636 884 3701 mepte,
896 3639 920 3688 d.
939 3676 971 3687 ..
990 3636 1069 3698 totius,
1081 3638 1125 3686 ad.
1147 3634 1231 3700 intubi,

108 3707 142 3757 Κ.
160 3746 192 3756 ..
203 3706 299 3769 faboru
309 3704 412 3766 viliores,
425 3707 449 3755 d
462 3702 672 3769 feboruutilioreo,
684 3719 707 3753 a
725 3744 757 3754 ..
776 3702 908 3768 impetrari,
919 3706 963 3754 ad.
980 3726 1014 3753 ·..
1032 3706 1081 3768 ᾷιῑό
1091 3700 1195 3767 quidem,
1207 3718 1230 3751 a

109 3777 148 3836 q‘m
163 3770 265 3836 quidem,
281 3775 305 3822 d.
331 3788 403 3836 quem
419 3770 522 3836 quidem,
538 3771 571 3823 T.
597 3768 794 3836 quondoquidm
810 3772 880 3822 Pint.
908 3769 958 3831 loc,
971 3771 1005 3822 K.
1023 3811 1054 3821 -
1082 3769 1230 3830 aurearoma.

109 3838 225 3900 elrerion,
237 3842 261 3890 d.
278 3839 415 3901 curete-stou,
432 3832 460 3889 θ.

143 3927 158 3988 ξ
172 3929 212 3976 75.
234 3923 276 3985 Et,
288 3940 312 3974 a.
333 3922 380 3972 Est
391 3932 421 3986 et,
433 3925 488 3975 Td.
511 3924 582 3975 Hmc
593 3925 718 3988 scriptura
729 3938 787 3974 eum
799 3930 885 3988 aperte
896 3923 1120 3988 interpolationem
1130 3923 1230 3986 prodat,

109 4006 164 4063 non
183 3994 345 4072 perspicitur,
369 3992 480 4072 puidam
499 3992 635 4072 signifieat,
656 4002 715 4071 enm
737 3991 846 4055 copulae
868 3991 955 4040 nullus
975 4004 1077 4055 prorsus
1098 3989 1132 4039 sit
1151 3989 1230 4069 locus.

109 4058 1233 4201 immittibtfftllffltffinhmffltlssttuutut:

110 4195 213 4245 alterius
224 4202 378 4244 nauseante.
396 4234 428 4244 ..
454 4192 509 4255 ulii,
526 4208 549 4244 u.
575 4192 684 4259 ultam,
694 4195 748 4244 Τὰ.
771 4191 848 4254 eliud,
859 4193 892 4243 K.
911 4232 942 4241 ..
960 4198 1072 4256 ymerum
1082 4189 1175 4256 quibus,
1186 4192 1231 4241 ad.

111 4301 143 4311 -
161 4262 245 4324 quibus
256 4260 376 4325 yeuituru,
386 4256 437 4325 βγ.
