2754 4726
321 317 391 389 ura.
409 318 495 366 xvn.
527 318 769 367 csr.x1v.xv.
798 319 896 369 suar.
912 322 943 366 m.
958 324 990 367 tr.
1174 309 1213 372 97

91 467 267 536 bifidorum
281 466 438 535 viminum
460 469 610 548 fascibus,
631 470 744 558 lingua
764 469 884 537 bubula
899 526 938 536 ..
961 472 1080 540 herbae
1101 473 1137 540 id
1157 497 1216 563 ge·

94 593 158 636 nus
185 580 250 661 est:
268 624 307 633 ..
340 569 475 655 insuper
502 570 623 661 optegi-
639 570 730 637 iubet
759 593 893 656 eamque
920 573 1050 661 inligari
1071 585 1217 663 opertam

92 670 288 738 strumentis.
328 668 426 736 Nunc
459 668 588 736 abunde
619 671 816 738 arbitrantur
846 674 972 758 paleato
1003 674 1071 740 luto
1102 676 1218 743 farcire

91 773 189 852 libro,
211 771 293 837 duos
315 771 433 858 digitos
453 771 550 836 insito
573 783 729 838 exstante.
763 760 876 839 Verno
897 773 1068 841 inserentis
1089 788 1217 863 tempus
1231 793 1279 839 rrs

92 884 229 962 urguet,
262 871 473 938 incitantibus
495 894 530 938 se
551 873 686 959 gemmis
707 884 931 959 praeterquam
954 874 988 939 in
1009 876 1095 954 olea,
1126 879 1219 944 cuius

93 973 277 1040 diutissime
315 973 399 1039 oouli
429 973 611 1060 parturiunt
642 974 882 1059 minumumque
916 976 985 1042 suci
1024 975 1121 1044 habet
1159 977 1219 1044 sub

93 1075 215 1143 cortice
236 1074 292 1159 qui
313 1073 432 1139 nimius
452 1073 557 1139 insitis
577 1085 689 1154 nocet;
713 1076 830 1160 punica
851 1098 929 1142 vero
950 1086 983 1142 et
1003 1077 1102 1144 ficum
1121 1100 1219 1162 quae·

93 1199 159 1262 que
181 1175 245 1241 alia
266 1175 352 1242 sicea
373 1185 449 1240 suut
469 1175 680 1242 recrastinare
701 1176 841 1244 minume
856 1177 944 1244 utile.
966 1177 1079 1244 Pirum
1093 1179 1146 1245 vel
1158 1179 1218 1247 flo-
1233 1195 1280 1241 us

94 1288 220 1344 rentem
246 1276 387 1344 inserere
413 1276 488 1342 licet
515 1277 602 1342 etin
623 1276 750 1342 Maium
771 1299 898 1364 quoque
919 1303 1065 1346 mensem
1085 1291 1218 1368 proten·

95 1379 173 1445 dere
193 1378 371 1443 insitiones.
393 1375 492 1458 Quod
514 1376 542 1442 si
562 1378 691 1467 longius
710 1378 897 1444 adferantur
911 1402 1079 1465 pomorum
1094 1382 1219 1462 calami,

94 1503 175 1567 rapo
196 1478 314 1544 infixos
336 1488 466 1564 optume
488 1477 652 1544 custodire
672 1501 785 1544 sucum
803 1479 1010 1560 arbitrantur,
1033 1483 1154 1549 servari
1166 1482 1219 1548 in·

95 1593 147 1647 ter
171 1580 254 1645 duos
281 1578 432 1645 imbrices
457 1579 549 1644 iuxta
574 1578 661 1644 rivos
689 1579 740 1646 vel
766 1579 908 1666 piscinas
941 1581 1103 1667 utrimque
1135 1593 1220 1649 terra

96 1683 297 1760 obstructos,
331 1679 414 1746 XV.
441 1679 555 1746 vitium
576 1680 708 1747 veroin
732 1681 899 1748 scrobibus
924 1681 1019 1749 siccis
1044 1692 1220 1751 stramento

96 1793 229 1872 opertos
249 1804 288 1848 ac
310 1781 425 1849 deinde
447 1790 532 1846 terra
553 1781 697 1861 obrutos,
719 1792 756 1846 ut
778 1783 943 1851 cacumine
964 1795 1102 1850 exstent.

139 1885 192 1950 25.
216 1880 301 1949 Cato
323 1882 423 1949 vitem
437 1881 542 1948 tribus
556 1882 661 1947 modis
674 1882 799 1948 inserit.
819 1882 1025 1950 Praesectam
1038 1885 1118 1949 findi
1131 1885 1222 1951 iubet
1236 1902 1282 1945 115

96 2006 159 2072 per
178 1982 364 2062 medullam,
386 1983 421 2048 in
443 2005 513 2048 eam
529 1982 675 2047 surculos
691 1991 852 2062 exacutos,
874 1994 912 2049 ut
926 1983 1047 2049 dictum
1061 1995 1119 2064 est,
1135 1985 1220 2064 addi,

96 2086 255 2152 medullas
275 2085 384 2171 iungi3
412 2084 531 2163 altero,
554 2083 582 2148 si
603 2082 688 2148 inter
710 2105 744 2149 se
766 2083 851 2150 vites
873 2084 1077 2173 contingant,
1100 2086 1219 2154 utrius-

97 2210 162 2272 que
182 2189 218 2252 in
240 2185 379 2253 oblicum
400 2187 500 2252 latere
522 2185 681 2269 contrario
695 2185 810 2251 adraso
824 2184 944 2252 iunctis
958 2187 1106 2254 medullis
1120 2188 1220 2255 conli-

95 2288 178 2377 gari.
209 2287 356 2354 Tertium
378 2309 480 2373 genus
502 2297 552 2352 est
573 2285 733 2352 terebrare
754 2287 852 2353 vitem
873 2286 907 2352 in
929 2287 1067 2354 oblicum
1087 2289 1130 2354 ad
1151 2313 1219 2356 me-

98 2389 221 2455 dullam
243 2387 446 2471 calamosque
468 2387 586 2453 addere
602 2389 718 2474 longos
732 2387 831 2474 pedes
844 2387 938 2454 binos
953 2398 1049 2472 atque
1071 2388 1116 2454 ita
1136 2390 1220 2476 liga-

98 2503 170 2555 tum
179 2489 312 2554 insitum
327 2487 502 2572 intritaque
516 2489 643 2554 inlitum
660 2488 786 2573 operire
803 2499 898 2568 terra,
910 2489 1041 2556 calamis
1052 2489 1219 2557 subrectis.

96 2590 221 2657 Nostra
243 2600 332 2655 aetas
352 2590 501 2668 correxit,
522 2599 559 2654 ut
573 2587 700 2654 Gallica
713 2599 856 2654 uteretur
871 2589 999 2655 terebra
1018 2612 1101 2674 quae
1123 2611 1219 2654 exca-
1234 2605 1282 2650 rra

96 2702 153 2760 vat
173 2714 236 2758 nec
257 2691 333 2771 urit,
355 2691 507 2775 quoniam
528 2689 655 2756 adustio
677 2689 781 2755 omnis
802 2689 943 2766 hebetat,
965 2699 1063 2773 atque
1077 2700 1114 2753 ut
1127 2711 1219 2777 gem·

96 2815 245 2860 marcere
266 2792 427 2878 incipiens
447 2793 573 2879 legatur
594 2790 736 2857 calamus
762 2813 824 2856 nec
849 2790 921 2876 plus
949 2812 1047 2875 quam
1072 2787 1158 2854 binis
1179 2788 1221 2856 ab

95 3002 189 3053 sarcia
199 2999 259 3051 libro
267 3004 308 3051 vol
316 2998 414 3065 pulsato
426 2998 474 3050 lato
484 3001 575 3050 sarcire
586 2999 671 3050 comm
682 3016 702 3050 s.
720 2996 801 3060 birros,
811 3012 869 3049 cum
878 3014 954 3048 nemo
966 2998 1042 3048 facile
1051 2998 1150 3058 dixorb,
1160 2999 1219 3061 quid

96 3073 130 3122 sit
139 3068 235 3119 sarcire
249 3066 348 3119 lrbroml
373 3069 459 3119 Etiam
472 3069 541 3118 bunc
553 3070 641 3118 locum
653 3069 745 3117 lacuna
758 3066 887 3123 foedarim
903 3073 929 3116 et
942 3067 964 3116 si
981 3066 1127 3130 respicimus
1144 3066 1220 3116 verba

97 3138 261 3189 columellae
272 3139 304 3187 de
315 3136 368 3187 arb.
381 3142 422 3196 26,
436 3141 468 3195 5.,
480 3150 588 3199 quorum
600 3136 666 3185 Plin.
677 3134 704 3183 b.
716 3133 735 3182 l.
748 3133 872 3182 rationem
882 3133 984 3183 babuit:
1007 3131 1064 3182 Clam
1078 3149 1155 3182 omnes
1166 3150 1220 3182 sar·

95 3203 169 3266 estas,
190 3220 249 3268 quos
264 3204 341 3253 arbor'
350 3203 465 3269 patiatur,
486 3199 614 3260 remees,
635 3200 695 3249 labro
714 3196 774 3247 ulmi
786 3196 825 3248 vel
840 3199 924 3249 vimmo
940 3201 1048 3250 arborem
1065 3199 1220 3266 odsbs‘cpr'top

91 3280 181 3338 postca
195 3269 293 3336 paleato
310 3269 358 3321 luto
374 3272 429 3320 bene
445 3269 543 3318 subacto
559 3266 655 3317 oblinito
672 3273 743 3315 totam
755 3264 856 3330 ploqam
873 3276 896 3317 et
909 3269 1020 3332 spatium,
1040 3267 1104 3333 qood
1114 3277 1149 3318 est
1159 3269 1220 3318 ister

95 3337 212 3401 maruha,
224 3354 297 3402 usqae
306 3354 340 3401 oo,
356 3346 383 3387 ut
394 3335 484 3386 duobus
495 3333 578 3401 dipitis
588 3334 661 3384 insita
672 3340 768 3394 exstent,
786 3335 899 3386 Plinium
909 3336 946 3387 ita
957 3337 1010 3388 lere
1021 3338 1150 3400 scripsisse
1162 3351 1219 3400 pro-

95 3409 181 3458 babile
194 3405 346 3468 estzsarrr're
355 3404 478 3470 plapam
490 3410 518 3452 et
529 3402 643 3452 vincire
659 3401 726 3452 libro.
752 3403 883 3454 Librarius
899 3406 980 3456 oculis
996 3407 1028 3455 ab
1044 3405 1220 3456 terminatione

96 3477 175 3526 unius
186 3474 304 3524 infinitivi
315 3477 348 3525 ad
359 3474 468 3523 alterum
480 3471 616 3532 aberravit3
628 3487 681 3520 non
693 3470 846 3535 refragabat,
859 3473 881 3522 si
893 3474 949 3536 quis
959 3487 1006 3537 pro
1018 3471 1106 3521 vincire
1117 3471 1220 3521 verbum

96 3541 250 3658 adstrb‘nyere
260 3542 365 3593 mavult.
393 3538 517 3591 Voculam
533 3540 560 3589 in
571 3539 688 3589 insitione
700 3543 941 3604 commemoratur§
955 3545 1011 3590 109.
1027 3545 1082 3589 116.
1109 3577 1135 3586 ..
1163 3536 1221 3586 insi·

97 3617 134 3659 tos
183 3611 230 3661 ad.

133 3648 220 3742 ’51111
247 3674 325 3738 labet,
337 3678 381 3726 ad.
399 3673 491 3736 bobert,
502 3668 553 3738 βγ.
571 3713 604 3723 -
618 3671 717 3737 panico,
729 3676 774 3724 ad.
788 3673 909 3738 parmam,
920 3668 950 3734 β.
969 3713 1000 3722 -
1024 3688 1136 3736 quaeque,
1147 3673 1220 3723 Brot.

98 3761 134 3795 ex
146 3745 279 3809 Theopbr.
292 3746 323 3794 de
335 3759 402 3794 caus.
415 3743 495 3806 plant
507 3741 528 3791 L
541 3748 564 3803 6,
577 3748 600 3792 8.
619 3757 742 3804 quomque,
755 3742 800 3792 ad.
827 3756 979 3804 quamquam,
990 3735 1019 3799 β.
1039 3781 1070 3791 ..
1089 3739 1142 3790 alio
1157 3740 1222 3790 sicca

96 3818 162 3872 aaut,
173 3815 219 3863 ad.
237 3809 301 3860 alius
312 3809 376 3859 sicca
387 3810 441 3872 sint,
452 3805 483 3871 β.
501 3850 532 3858 ..
547 3808 735 3872 procrastinare,
747 3809 836 3859 Dalec.

133 3878 221 3940 5114.
248 3877 376 3938 mutones,
392 3870 442 3927 Oa.
460 3875 598 3936 insitionem,
611 3871 683 3939 ᾱβγ.
702 3916 734 3924 ..
753 3875 834 3939 infixo,
846 3877 890 3925 ad.
909 3916 940 3925 -
958 3875 1053 3925 savari
1062 3883 1140 3924 autem
1152 3875 1221 3936 later,

97 3948 190 3997 Deles.
208 3968 240 3997 =..
259 3944 322 4005 vitis,
333 3962 353 3994 r.
373 3986 403 3994 ..
422 3951 519 4005 exstant,
530 3943 627 3995 Duker.
640 3945 673 3993 ad
683 3943 739 3992 Liv.
753 3950 793 4004 42,
806 3949 830 3993 2.
853 3942 959 4003 existent,
968 3958 991 3992 a.
1014 3942 1137 4002 exserant,
1150 3937 1221 4008 (Ιβγ.

132 4017 221 4079 §¹¹50
254 4011 313 4063 (loto
326 4014 467 4063 deremet
480 4018 520 4062 tr.
539 4052 571 4060 ..
589 4007 662 4073 addi3
675 4025 721 4073 pro
734 4012 761 4061 h.
773 4027 796 4061 v.
808 4011 897 4061 Dalec.
915 4008 1047 4074 indilegit.
1065 4052 1096 4060 -
1115 4009 1186 4070 ianm,
1198 4026 1221 4060 s.

98 4123 131 4131 ..
150 4080 266 4142 alterari,
278 4083 302 4131 d.
320 4078 415 4141 alteros,
428 4097 450 4130 a.
470 4120 500 4129 ..
518 4094 551 4140 se,
564 4095 587 4129 a
605 4093 662 4138 sese,
674 4073 747 4142 dssr.
767 4118 799 4128 -
816 4076 917 4139 adraso,
930 4080 973 4128 ad.
986 4118 1018 4128 ..
1037 4085 1079 4138 ast,
1092 4093 1143 4127 om.
1155 4094 1175 4127 r.
1189 4117 1221 4127 .-

98 4149 181 4210 bimos,
194 4164 217 4198 a.
230 4146 267 4199 ’..
286 4146 405 4207 subrectis,
418 4148 489 4198 Tad.
507 4144 612 4206 subrecti,
623 4140 654 4206 β.
680 4180 683 4185 -

131 4218 219 4281 §llo
246 4222 373 4276 uterentur,
384 4214 475 4265 Daloc.
496 4253 523 4261 -
544 4229 598 4276 qao,
609 4227 633 4262 a.
651 4253 682 4263 -
701 4210 824 4276 incipiens,
836 4227 851 4261 a
863 4210 949 4275 (codd.
963 4208 1034 4275 Gal.)
1051 4209 1140 4274 incipit,
1152 4213 1175 4261 d.
1190 4249 1221 4260 .-

96 4282 203 4349 bostar,
218 4284 293 4335 codd
310 4282 368 4336 ael.
397 4279 494 4347 lipotar,
510 4281 556 4331 ad.

130 4352 211 4403 Pena
226 4350 277 4402 IIL
1001 4344 1019 4408 ἵ
