2754 4726
156 288 220 352 360
506 303 709 349 unruaams
732 303 924 350 n1sron1aa

157 455 351 522 manicatum
373 466 437 532 est,
458 454 541 519 inter
564 475 653 519 sacra
674 465 794 519 tantum
818 466 857 519 et
870 453 1001 520 bellicos
1022 453 1161 522 honores
1183 480 1276 524 coro·

157 559 208 625 nis
229 579 322 623 suum
344 578 459 622 nomen
483 555 719 622 vindicantibus
725 556 744 632 3'
764 576 837 621 cum
858 577 935 622 vero
956 579 973 621 e
994 555 1129 623 floribus
1148 557 1277 637 fierent,

156 668 242 726 serta
269 682 289 723 a
317 656 453 724 serendo
481 655 602 722 sericae
624 655 879 742 appellabantur,
911 657 997 741 quod
1018 657 1107 744 apud
1130 655 1279 726 Graecos

155 782 284 846 quoque
306 781 370 825 non
392 757 473 824 adeo
494 756 667 841 antiquitus
688 757 818 843 placuit.

199 864 230 928 3.
264 860 428 927 Arborum
457 858 541 925 enim
570 857 667 924 ramis
694 858 838 924 coronari
864 857 898 922 in
926 858 1026 924 sacris
1047 861 1306 928 certaminibusc

157 985 227 1028 mos
248 975 317 1028 erat
338 961 492 1048 primum3
521 969 634 1046 postea
656 959 778 1027 vadare
802 970 949 1045 coeptum
970 958 1113 1025 mixtura
1133 962 1278 1028 versico-

156 1065 216 1130 lori
237 1063 365 1142 florum,
387 1084 469 1148 quae
490 1060 629 1127 invicem
649 1059 765 1126 odores
787 1061 971 1144 coloresque
992 1060 1201 1141 accenderet,
1222 1060 1277 1129 Si·

156 1186 259 1251 cyone
285 1163 416 1252 ingenio
441 1162 579 1227 Pausiae
609 1161 742 1248 pictoris
777 1171 874 1246 atque
900 1158 1063 1247 Glycerae
1090 1164 1278 1231 coronariae

156 1264 292 1332 dilectae
317 1263 489 1330 admodum
517 1262 578 1342 illi,
612 1284 685 1328 cum
711 1284 811 1349 opera
837 1262 907 1329 cius
933 1263 1061 1348 pictura
1085 1263 1277 1345 imitaretur,

155 1366 209 1433 illa
230 1386 409 1454 provocans
437 1363 575 1430 variaret
603 1374 751 1448 essetque
773 1373 932 1429 certamen
959 1364 1038 1431 artis
1067 1387 1106 1430 ac
1131 1375 1278 1443 naturae,

155 1469 268 1554 quales
295 1466 392 1534 etiam
417 1485 502 1531 nunc
529 1475 657 1532 exstant
684 1464 818 1531 artificis
842 1465 929 1531 illius
957 1464 1092 1533 tabellae
1119 1477 1218 1552 atque
1244 1467 1277 1532 in

155 1568 269 1657 primis
303 1567 462 1656 appellata
490 1565 751 1653 stephancplocos
782 1587 848 1651 qua
881 1567 988 1652 pinxit
1019 1567 1139 1654 ipsam3
1178 1568 1277 1654 idque

155 1670 276 1737 factum
298 1680 347 1736 est
368 1679 444 1755 post
463 1667 647 1754 olympiada
668 1668 886 1732 centesimam.
920 1666 978 1733 Sic
999 1668 1123 1736 coronis
1146 1689 1165 1733 e
1186 1668 1302 1734 flori-s

154 1772 217 1837 hus
237 1769 391 1856 receptis,
423 1769 520 1855 paulo
549 1790 624 1833 mox
651 1767 779 1834 subiere
804 1789 888 1853 quae
914 1779 1070 1837 vocantur
1088 1769 1277 1859 Aegyptiae

155 1894 193 1939 ac
213 1869 331 1937 deinde
351 1868 522 1945 hibernae,
544 1888 618 1933 cum
639 1878 725 1934 terra
745 1867 842 1934 flores
862 1880 973 1958 negat,
997 1880 1142 1936 ramento
1163 1890 1184 1935 e
1205 1892 1275 1936 ocr-

155 1970 253 2039 nibus
283 1971 384 2038 tincto
391 1994 401 2048 ;
434 1969 653 2057 paulatimque
685 1956 735 2036 et‘
748 1969 872 2035 Romae
899 1970 1062 2057 subrepsit
1088 1971 1275 2058 appellatio,

155 2073 284 2140 corollis
311 2073 394 2138 inter
420 2071 511 2137 initia
536 2081 669 2158 propter
689 2070 902 2156 gracilitatem
923 2072 1107 2150 nominatis,
1139 2094 1218 2141 mox
1245 2088 1276 2140 et

154 2173 339 2251 corollariis,
361 2182 531 2259 postquam
552 2192 570 2235 e
591 2171 698 2236 lamna
719 2172 807 2237 tenui
828 2193 923 2238 aerea
942 2172 1092 2239 inaurata
1111 2184 1171 2239 aut
1189 2174 1275 2239 inar-

153 2281 285 2360 gentata
305 2270 472 2337 dabantur.

196 2371 260 2439 ΠΙ.
282 2374 313 2437 4.
348 2368 489 2439 Crassus
509 2371 613 2439 Dives
640 2374 763 2458 primus
785 2386 920 2462 argento
942 2395 1084 2460 auroque
1105 2374 1183 2440 folia
1204 2375 1303 2441 imi-e

155 2484 240 2539 tatus
265 2470 350 2537 ludis
378 2471 444 2537 suis
471 2494 604 2540 coronas
631 2473 736 2553 dedit,
769 2485 1037 2560 accesseruntque
1065 2485 1098 2540 et
1117 2475 1276 2554 lemnisci,

155 2594 235 2657 quos
257 2573 341 2640 adici
362 2573 505 2660 ipsarum
529 2597 717 2641 coronarum
738 2575 838 2642 honos
860 2587 942 2653 erat,
965 2586 1099 2662 propter
1120 2575 1278 2643 Etruscas

154 2674 272 2758 quibus
292 2675 383 2760 iungi
406 2675 467 2740 nisi
483 2677 571 2741 aurei
587 2699 651 2741 non
663 2676 834 2742 debebant.
856 2676 937 2743 Puri
959 2677 1016 2742 diu
1029 2678 1116 2742 fuere
1137 2677 1177 2756 ii3
1202 2700 1276 2744 cae-

154 2777 219 2841 lare
255 2797 308 2840 eos
335 2775 459 2861 primus
486 2777 624 2841 instituit
650 2777 687 2842 P.
720 2774 876 2843 Claudius
902 2777 1042 2843 Pulcher
1070 2777 1277 2863 bratteasque

156 2875 252 2939 ctiam
273 2874 419 2961 philyrae
442 2876 541 2943 dedit.

188 3133 262 3178 acuar,
275 3118 329 3169 Vd.
348 3127 409 3181 sunt,
421 3120 452 3170 R.
464 3159 495 3170 ...
505 3137 560 3170 vcro
571 3137 592 3182 e,
604 3123 620 3170 d
633 3122 719 3183 (codd.
732 3121 810 3170 Turn.
827 3125 865 3180 lo,
881 3127 919 3171 19.
951 3136 1013 3182 vcro,
1024 3123 1058 3172 V.
1076 3137 1139 3183 vero,
1152 3123 1183 3172 R.
1195 3162 1227 3172 ..
1241 3090 1277 3171 cc·

155 3184 224 3243 risve,
238 3186 344 3237 Salmas.
362 3188 445 3250 serice,
456 3188 481 3238 R
492 3183 578 3250 (codd.
591 3184 724 3250 Turnebi).
742 3187 842 3248 servate,
854 3120 936 3250 Vdd.
954 3188 1054 3250 soloce,
1070 3181 1092 3236 θ.
1096 3205 1108 3239 r
1119 3185 1208 3252 (codd.
1221 3189 1277 3241 Sal·

156 3249 230 3311 mas.)
247 3253 347 3316 sativae,
359 3254 438 3304 Turn.
457 3256 550 3317 scara,
562 3258 632 3321 Lips.
644 3265 696 3306 unt.
708 3256 776 3306 lectt.
789 3262 813 3316 3,
828 3262 850 3305 l.
863 3271 888 3320 p.
901 3262 959 3308 888.

189 3346 204 3406 ξ
217 3351 240 3392 4.
267 3344 335 3405 enim,
347 3346 378 3396 R.
398 3346 486 3396 Omitt.
496 3348 551 3395 Vd.
566 3386 597 3395 -
613 3354 706 3408 posteo,
715 3350 746 3397 R.
766 3348 854 3399 Omitt.
864 3349 911 3399 Vd
919 3346 1007 3410 (codd.
1017 3350 1096 3400 Turn·
1105 3351 1160 3399 adt.
1172 3354 1214 3413 18,
1222 3348 1277 3413 29.)

156 3451 186 3459 ..
199 3411 304 3474 cariore,
317 3413 380 3463 RV.
399 3411 497 3472 cariori,
510 3407 582 3475 ᾱβγ.
593 3450 624 3460 ..
638 3412 778 3472 concolori,
791 3409 841 3464 Od.
860 3415 1013 3478 verimbrea,
1023 3417 1057 3466 V.
1074 3415 1235 3479 uusmolcrea,
1245 3418 1277 3468 R.

54 3521 58 3527 .
156 3518 186 3527 ..
198 3477 370 3542 florumquce,
386 3471 487 3528 ORvd
500 3476 587 3538 (codd.
600 3477 733 3540 Turnebi).
748 3481 893 3546 florumque,
905 3479 935 3545 β.
959 3525 990 3533 -
1016 3481 1161 3544 accenderet
1175 3479 1277 3536 Ossvd

155 3544 241 3603 (codd.
256 3543 388 3608 Turnebi).
406 3544 540 3607 accendere,
552 3541 580 3608 β.
600 3587 630 3596 ..
650 3546 758 3612 Sicyone,
772 3543 873 3600 OVTd
885 3550 972 3613 (codd.
985 3547 1118 3612 Turnebi.)
1137 3550 1235 3617 Sicyon,
1246 3555 1278 3604 R.

156 3609 309 3675 *Sic-pontifi.
328 3654 359 3661 ..
384 3611 484 3674 inperio,
498 3614 553 3663 Vd.
577 3614 685 3679 incentat,
698 3616 728 3665 Τ.
751 3614 984 3684 αἰηφωιίο,Ββγ.
1003 3617 1171 3680 --Ραιωτὶιεν
1184 3619 1278 3672 sabeth

156 3687 180 3728 ct
191 3681 296 3729 Barbar.
309 3681 340 3729 R.
358 3679 472 3739 Paratae,
485 3681 536 3730 Τὰ.
553 3690 632 3743 porte,
644 3684 678 3732 V.
696 3723 728 3734 ..
744 3684 852 3747 pictoria
864 3687 919 3737 Vd.
938 3685 1067 3750 optaris,
1079 3686 1110 3741 R.
1124 3727 1156 3736 ..
1175 3685 1278 3754 hysara,

156 3747 179 3793 d.
204 3744 298 3806 licerae,
311 3749 345 3797 V.
365 3785 395 3795 ..
417 3745 535 3808 picturae,
547 3750 578 3798 R.
602 3789 632 3798 ...
660 3749 836 3811 ittaltvru.
860 3749 1009 3818 oritura
1028 3794 1058 3804 ..
1077 3751 1278 3819 seeptcneptcca,

155 3811 363 3878 avuncopc.
389 3812 629 3878 stephanoploccs,fl.
656 3820 689 3868 V.
702 3821 816 3871 Lobeck.
829 3822 1010 3886 adPhrynich.
1024 3838 1049 3886 p.
1062 3825 1120 3874 650.
1144 3863 1175 3872 ..
1204 3821 1277 3889 olym·

153 3878 239 3942 prada,
253 3874 310 3929 OV.
330 3878 494 3945 olympiadem,
507 3880 607 3948 Russr.
1067 3918 1070 3923 .

189 3976 239 4034 §ta
267 3973 353 4034 subire,
365 3974 398 4023 V.
412 4014 442 4023 ..
461 3983 534 4039 ceput
544 3986 649 4027 ramento
660 3995 680 4042 e,
692 3982 724 4031 R.
743 3984 974 4045 reparamentum
992 3998 1034 4032 acc
1045 3990 1186 4044 aucmento,
1198 3984 1233 4035 V.
1244 4022 1277 4034 ..

155 4039 236 4099 cincto,
250 4042 280 4090 R.
301 4082 331 4090 ..
349 4042 459 4102 surrexit,
472 4045 526 4095 Tc.
546 4085 577 4095 ..
594 4045 722 4108 corollctra,
738 4039 766 4097 θ.
785 4088 816 4099 ..
835 4046 925 4110 borao,
941 4043 999 4100 OV.
1018 4048 1118 4112 lumino,
1130 4046 1232 4115 Rdssr.
1246 4091 1276 4100 ..

156 4106 220 4154 anui
229 4122 308 4169 coeo,
321 4109 375 4162 Vd.
395 4111 458 4160 tenui
467 4127 539 4161 ocrea
552 4114 622 4174 mcci,
634 4117 666 4165 R.
684 4130 758 4164 cereo
768 4116 838 4177 tenui,
849 4112 900 4181 βγ.

190 4194 239 4254 §⁶-
271 4190 370 4241 Crassus
381 4194 465 4258 Dives,
477 4198 513 4248 ita
525 4213 572 4247 nos
584 4199 735 4262 scripsimus.
761 4196 862 4249 Orossus
874 4199 946 4263 diver,
960 4205 1035 4252 codd.
1046 4198 1099 4266 βν.
1117 4203 1177 4254 Non
1188 4202 1277 4268 liquot,

157 4261 272 4321 quisnam
290 4276 322 4310 ex
339 4263 499 4329 illiscrassis
517 4266 550 4316 sit
565 4266 752 4329 intelligendus,
770 4268 812 4332 qui
829 4270 981 4332 cognomino
992 4269 1069 4321 Dos
1080 4271 1227 4323 utebantur.
1246 4311 1275 4321 ..
