2754 4726
352 283 421 328 nne.
439 283 541 328 xv111.
571 282 650 329 cnr.
665 285 794 332 xxvm.
818 285 917 334 anor.
932 288 964 330 es.
1167 273 1229 336 207

104 434 197 512 cidit,
226 456 274 497 111.
303 432 377 498 idus
399 431 486 520 Aug.
512 433 642 498 fidicula
664 456 779 498 occasu
802 457 860 500 suo
881 446 1069 503 autumnum
1091 439 1230 518 inchoat,

104 535 152 600 uti
172 535 202 600 is
217 535 363 611 adnotat,
387 534 445 599 sed
464 556 541 600 vera.
562 533 643 599 ratio
664 535 698 599 id
720 535 789 599 fieri
810 534 931 600 invenit
943 560 989 601 vr.
1004 537 1078 604 idus
1091 540 1237 605 easdem.

106 637 146 701 In
166 635 229 701 hoo
251 635 405 719 temporis
427 635 593 701 intervallo
621 657 676 700 res
705 657 828 700 summa
851 634 965 700 vitium
986 639 1093 724 agitur
1118 641 1229 708 decre·
1244 658 1294 705 ara

10 735 17 741 ’
107 737 187 803 torio
216 736 290 801 uvis
314 736 424 800 'sidere
453 734 508 802 illo
533 735 620 820 quod
653 736 832 802 caniculam
862 737 1111 822 appellavimus,
1144 743 1231 809 unde

106 838 336 915 carbunculare
364 837 516 901 dicuntur
541 849 578 901 ut
600 836 738 920 quodam
760 836 905 902 uredinis
927 836 1065 903 narbone
1088 853 1231 908 exustae.

105 937 176 1004 Non
206 948 422 1023 conparantur
448 936 525 1002 huia
551 938 634 1003 mulo
661 937 853 1024 grandines,
888 938 1049 1022 procellae
1086 962 1231 1025 quaeque

105 1061 255 1124 umquam
278 1059 425 1103 annonae
446 1037 583 1104 intulere
605 1039 781 1103 caritatem.
819 1038 983 1126 Agrorum
1006 1041 1128 1125 quippe
1149 1043 1233 1108 mala

107 1151 182 1206 sunt
201 1139 273 1219 illa,
302 1131 516 1205 carbunculus
543 1149 652 1203 autem
676 1138 845 1226 regionum
865 1140 930 1204 late
951 1141 1145 1225 patentium,
1168 1165 1232 1208 non

107 1241 230 1308 difficili
262 1239 420 1316 remedio,
457 1229 520 1304 nisi
552 1239 739 1304 calumniari
771 1251 918 1304 naturam
950 1263 1059 1307 rerum
1087 1243 1232 1310 homines

106 1364 203 1427 quam
225 1339 288 1406 sibi
309 1341 461 1426 prodesse
476 1340 617 1405 mallent.
638 1341 763 1406 Ferunt
776 1340 1014 1421 Democritum,
1038 1341 1093 1426 qui
1108 1343 1232 1428 primus
1245 1359 1294 1407 ata

108 1440 266 1508 intellexit
286 1441 490 1524 ostenditque
512 1440 591 1506 caeli
613 1462 687 1506 eum
709 1441 802 1506 terris
825 1441 1022 1521 societatem,
1050 1444 1231 1528 spernenti·

107 1540 168 1606 bus
194 1542 279 1607 hano
305 1563 415 1606 eurum
442 1541 512 1608 eius
541 1541 792 1626 opulentissimis
820 1541 961 1620 civibus,
994 1544 1144 1629 praevisa
1170 1543 1233 1610 olei

109 1644 242 1708 caritate
281 1665 323 1708 ex
354 1643 464 1708 futuro
496 1643 702 1728 vergiliarum
735 1654 809 1707 ortu
841 1666 906 1728 qua
938 1642 1078 1709 diximus
1109 1647 1233 1711 ratione

108 1743 378 1827 ostendemusque
397 1743 463 1809 iam
477 1743 622 1829 planius,
643 1766 761 1830 magna
775 1755 843 1809 tum
857 1744 979 1810 vilitate
993 1753 1126 1831 propter
1141 1767 1232 1831 spem

109 1844 212 1911 olivae
242 1842 396 1910 coemisse
423 1845 458 1907 in
485 1854 552 1908 toto
573 1853 676 1908 tractu
697 1865 792 1908 omne
813 1845 935 1921 oleum,
964 1844 1155 1912 mirantibus
1176 1845 1233 1929 qui

108 1955 333 2031 paupertatem
347 1945 564 2032 ,quietemque
591 1943 808 2009 doctrinarum
837 1943 866 2008 ei
894 1943 1035 2008 sciebant
1060 1945 1095 2008 in
1120 1945 1233 2030 primis

109 2047 197 2112 cordi
225 2067 313 2120 esse3
350 2055 447 2128 atque
479 2054 517 2108 ut
544 2043 694 2129 adparuit
720 2065 818 2108 eausa
844 2053 876 2107 et
903 2042 1021 2128 ingens
1048 2042 1233 2111 divitiarum
1246 2059 1296 2107 2⁷4

111 2169 240 2225 cursus,
272 2144 451 2210 restituisse
477 2145 666 2231 mercedem,
686 2143 800 2208 anxiae
830 2154 862 2217 et
891 2142 1004 2210 avidae
1032 2145 1234 2211 dominorum

100 2244 345 2334 paenitentiae,
380 2254 565 2311 contentum
591 2245 637 2308 ita
664 2235 850 2330 probavisse
878 2268 958 2331 opes
986 2243 1048 2312 sibi
1076 2247 1109 2312 in
1135 2248 1233 2326 facili,

112 2371 184 2414 eum
205 2347 316 2426 vellet,
342 2346 423 2411 lore.
457 2343 532 2409 Hoc
552 2354 662 2430 postea
684 2341 816 2410 Sextius
842 2367 860 2409 e
881 2344 1036 2412 Romanis
1058 2348 1233 2432 sapientiae

144 2489 159 2551 ς
171 2490 229 2538 271.
256 2475 385 2549 riquila-
392 2478 490 2547 accidia
505 2483 720 2547 exsuperioribus
732 2484 902 2546 supplendum
913 2485 989 2534 estid
1000 2486 1054 2536 fieri
1065 2484 1100 2535 X.
1112 2485 1164 2535 kal.
1175 2486 1231 2536 Aa·

95 2575 98 2579 >
111 2563 198 2617 gustas
210 2552 284 2617 (coll.
293 2553 435 2603 calendario
444 2551 544 2603 Claudii
553 2549 652 2601 Etrusci
661 2550 679 2599 1.
691 2547 731 2610 1.).
747 2551 796 2598 uisi
807 2565 892 2600 sumas
903 2552 980 2600 rerba
991 2568 1040 2614 qua
1051 2550 1089 2600 die
1101 2554 1231 2605 excidisse.
1251 2588 1252 2591 κ

112 2662 142 2671 ..
160 2620 212 2671 ΠΙ.
228 2619 430 2684 lcal...emer9it,
451 2634 502 2668 om.
524 2617 604 2668 schol.
625 2616 744 2667 German.
765 2656 797 2664 ..
815 2616 923 2679 emerpit,
943 2618 1032 2667 Peter.
1049 2620 1147 2668 uranol.
1164 2625 1189 2680 t,
1207 2627 1231 2669 8.

111 2705 135 2753 p.
149 2694 189 2740 49.
202 2696 229 2739 et
237 2689 382 2739 Pontedera
394 2687 520 2750 antiquitt.
532 2700 558 2749 p.
570 2686 628 2734 stt.
655 2682 770 2746 iamerpit,
783 2683 856 2732 Tad.
882 2682 1027 2747 irrumpitur,
1044 2681 1073 2744 β.
1100 2686 1134 2734 V.
1147 2686 1231 2735 ealon.

111 2758 208 2807 darium
221 2754 324 2808 claudii
335 2754 414 2805 'l’usoi
424 2755 442 2803 l.
455 2754 473 2803 l.
485 2769 510 2818 p.
524 2758 590 2812 234,
607 2751 653 2800 ubi
663 2747 680 2798 1
685 2750 713 2800 V.
726 2747 844 2798 kalendas
855 2750 953 2800 dicitur.
976 2790 1007 2800 ..
1025 2748 1076 2816 Lu
1094 2750 1147 2800 idus
1159 2751 1231 2816 Aua,

112 2824 194 2874 schol.
206 2823 325 2875 German.
338 2816 395 2870 ΠΙ.
408 2819 469 2882 idus,
481 2815 574 2884 adssr.
589 2859 619 2868 ..
632 2817 668 2866 uti
675 2817 703 2876 ia,
714 2818 738 2867 d.
755 2817 798 2878 uti,
810 2832 833 2866 a.
851 2824 901 2878 aut,
913 2819 992 2868 schol.
1005 2818 1126 2870 German.
1140 2859 1171 2868 -
1189 2817 1234 2867 sed

112 2906 175 2953 aaa,
187 2893 228 2942 Tr
239 2889 335 2955 (schol.
347 2884 480 2950 German.)
498 2895 524 2936 ut
534 2884 578 2935 sed
588 2898 654 2948 uera,
666 2886 691 2934 d.
709 2882 752 2933 sed
763 2891 789 2932 ut
797 2900 861 2945 vera,
870 2880 941 2949 εβγ.
954 2926 986 2934 ..
1001 2884 1083 2948 pridie
1091 2885 1152 2947 idus,
1162 2888 1231 2936 Pon-

31 2996 38 3002 -
112 2961 196 3010 tedere
206 2958 334 3023 antiquitt.
346 2972 372 3021 p.
385 2960 443 3007 360.
455 2958 513 3007 ast.
532 2994 563 3004 ..
582 2951 684 3014 medam,
696 2952 770 3002 Tad.
789 2951 899 3013 eiusdem,
910 2947 939 3013 β.
958 2952 1044 3002 Verba
1053 2960 1120 3002 serta
1131 2953 1165 3005 id.
1178 2970 1231 3004 rus-

115 3024 164 3074 dem
176 3041 228 3077 om.
240 3026 320 3076 schol
333 3024 452 3076 German.

144 3096 229 3158 §tra
256 3089 438 3157 appellavimus,
450 3090 495 3140 ad.
522 3100 638 3151 voramus,
650 3104 670 3138 r.
693 3089 726 3137 V.
739 3089 754 3152 ξ
767 3092 825 3137 268.
848 3128 879 3136 -
907 3086 1081 3149 cartaaaatari,
1093 3087 1180 3139 Daleo.
1199 3129 1231 3138 ..

113 3158 215 3223 quadam
227 3157 338 3209 carbonis
348 3155 452 3218 uredine,
464 3156 553 3207 Doleo.
576 3196 608 3205 ...
635 3154 866 3217 conparentur,'l'd.
890 3194 921 3203 ..
949 3169 990 3203 aec
1002 3170 1115 3218 quaeque,
1126 3172 1147 3216 r,
1164 3157 1232 3220 quod

29 3234 32 3241 ’
113 3227 219 3278 fortasse
229 3226 422 3292 praeferendum
434 3225 493 3274 coll.
507 3224 540 3274 ad
552 3228 594 3283 35,
609 3227 664 3271 159.
687 3261 720 3270 ..
746 3236 864 3283 umquam,
876 3221 925 3270 Tr.
947 3237 1082 3286 numquam,
1095 3226 1132 3274 ad
1143 3222 1231 3287 (codd,

115 3293 182 3356 Gel.)
193 3290 246 3360 βγ.
265 3334 296 3344 ..
315 3291 456 3352 claritatem,
469 3293 493 3341 d.
512 3330 544 3340 ..
562 3286 667 3350 difficile,
680 3289 704 3337 d
722 3285 829 3351 dffcila,
840 3304 863 3338 a

143 3361 231 3423 52⁷³.
257 3358 529 3419 caelicumterris,ad.
550 3351 822 3420 wmterrriraaelissy.
848 3397 878 3406 -
900 3355 1031 3417 maldras.
1054 3354 1232 3424 maiumdssr.

115 3469 142 3478 ..
156 3430 265 3494 praem,
277 3444 300 3478 a
315 3468 345 3477 ..
364 3424 482 3486 sturitate,
495 3442 517 3475 e.
532 3439 617 3488 praev.
629 3421 676 3472 olei
685 3423 849 3487 aamtfatura
862 3424 1068 3488 recapilfflint.
1087 3427 1231 3477 Gnioonie·

113 3504 196 3547 aturae
207 3504 237 3546 nt
247 3510 325 3546 nemo
336 3497 445 3553 accedet,
457 3495 494 3542 ita
506 3499 602 3542 eertum
617 3498 656 3541 est
666 3492 786 3552 Plinium,
802 3493 840 3542 uti
855 3493 933 3555 vulgo
944 3493 1045 3557 legitur,
1061 3495 1168 3545 scribere
1178 3509 1231 3545 non

112 3565 231 3626 potuisse.
254 3563 392 3624 Quomodo
409 3561 477 3610 enim
494 3560 585 3623 aliquis
597 3562 630 3608 'ex
637 3558 726 3620 sutura
743 3558 849 3609 alicuius
861 3560 948 3610 sideris
960 3569 1017 3611 ortu
1029 3563 1140 3610 divinare
1150 3561 1232 3624 possit

113 3637 295 3695 tempestatem,
310 3630 355 3679 vix
371 3629 507 3690 intelligas.
529 3626 592 3676 Vox
599 3626 689 3690 flatura
704 3633 749 3676 aut
760 3634 798 3677 est
809 3635 927 3691 corrupta
939 3635 964 3678 et
974 3642 1021 3692 pro
1038 3641 1069 3679 ea
1080 3628 1232 3679 adieetivum

113 3698 214 3763 aliquod
230 3699 413 3762 reponendum,
430 3697 499 3759 quod
513 3694 650 3744 infaustum
666 3694 739 3744 illum
757 3703 839 3744 artum
856 3695 990 3758 significat,
1007 3703 1051 3746 aut
1066 3710 1099 3746 ex
1115 3695 1232 3746 wuesre.

113 3767 197 3816 manni
215 3767 362 3816 coniectura
376 3765 513 3826 legendnm
528 3777 558 3810 aa
566 3762 655 3825 futuro
666 3769 782 3826 mereata
797 3777 860 3825 very.
872 3770 925 3810 arta
940 3763 956 3811 i.
970 3777 993 3812 e.
1005 3777 1064 3812 enm
1079 3765 1232 3827 praevidisse

113 3838 155 3894 per
165 3833 330 3896 vergiliarum
342 3839 425 3882 ortum
437 3830 569 3880 cantatam
582 3828 633 3879 olei
644 3844 678 3879 ex
692 3827 778 3879 futuro
791 3830 807 3877 i.
820 3844 842 3878 e.
855 3828 899 3892 qui
910 3831 1051 3894 exspectari
1066 3838 1165 3894 poterat
1181 3830 1232 3880 olel

114 3900 316 3962 proventuram
331 3904 370 3961 17,
382 3904 424 3949 93.
437 3936 468 3947 ..
481 3894 585 3946 dirimas
596 3895 611 3958 ξ
624 3902 682 3947 251.
695 3936 727 3945 ...
742 3894 848 3960 planius,
859 3896 934 3946 Tad.
948 3895 1051 3961 plenius,
1062 3893 1115 3963 βγ.
1125 3939 1157 3947 ..
1170 3904 1232 3959 tuac,

114 3981 132 4016 r.
153 4009 185 4018 ..
213 3967 267 4031 qui3
279 3967 398 4032 proh.v.
410 3966 563 4028 habentque
575 3965 621 4014 ad.
644 4005 676 4013 ..
698 3963 853 4026 quietemque,
870 3965 943 4014 Tad.
970 3972 993 4013 et
1004 3964 1109 4028 quietem,
1124 3961 1175 4029 βγ.
1200 4004 1230 4014 ...

114 4033 199 4084 abbat
217 4051 242 4086 a.

146 4071 233 4163 §tlt
260 4099 396 4162 macedam,
407 4117 430 4151 a
448 4115 553 4162 marm,
565 4100 619 4151 'l'd
637 4138 668 4150 ...
687 4096 788 4160 avidam
800 4099 884 4162 proh.
895 4114 919 4147 v.
932 4099 1028 4149 habent
1039 4097 1124 4148 audire
1136 4103 1180 4150 ad.
1198 4138 1230 4148 ...

116 4177 273 4234 erumpam,
281 4172 305 4220 d.
316 4208 347 4218 ..
359 4167 396 4216 ita
403 4165 554 4230 probaticam
566 4180 613 4231 pro
624 4167 664 4217 his
676 4181 716 4215 vv.
728 4165 824 4216 habent
835 4164 995 4228 improbandae
1003 4169 1047 4216 ad.
1065 4164 1102 4213 ita
1109 4167 1232 4230 probasse,

116 4229 161 4299 dr.
182 4276 213 4287 ..
232 4236 379 4306 semmaa
398 4232 492 4301 aaa,
505 4235 529 4282 a.
