2754 4726
392 295 463 342 nra.
479 295 540 342 xx.
570 294 647 341 ose.
665 295 711 341 vr.
743 293 839 342 suos.
855 295 886 339 aa
900 295 931 340 a.
1159 278 1222 346 303

104 446 160 510 Ad
176 445 372 531 serpentium
387 444 516 528 quidem
539 445 622 511 ictus
641 455 752 531 potum
775 467 847 510 cum
861 445 1000 512 restibus
1024 446 1090 511 suis
1112 445 1222 513 effica-
1239 469 1266 513 51

104 547 229 612 cissime
252 568 292 611 cx
314 545 385 611 oleo
400 542 545 609 inlinitur
560 544 744 629 attritisque
766 567 933 631 corporum
954 546 1109 632 partibus,
1129 548 1182 615 vel
1197 549 1224 614 si

102 649 136 712 in
158 647 282 713 vesicas
297 645 515 711 intumuerint.
560 644 650 728 Quin
673 658 704 741 et
727 646 836 712 suffitu
858 669 896 713 eo
918 648 1045 714 evocari
1067 649 1224 716 secundas

103 760 215 834 partus
231 749 403 814 existumat
419 746 647 833 Hippocrates,
670 746 776 815 cinere
791 771 901 814 eorrun
923 772 997 816 cum
1019 751 1087 816 oleo
1109 750 1224 837 capitis

104 852 211 917 ulcera
233 848 398 914 manantia
420 848 550 914 sanitati
571 849 755 915 restituens.
789 847 984 936 Suspiriosis
1001 860 1143 933 coctum,
1165 851 1224 916 ali-
1240 868 1271 914 sa

104 951 160 1034 qui
182 950 317 1015 crudum
337 949 371 1014 id
394 949 530 1028 dedere,
552 949 684 1017 Diocles
703 949 889 1037 hydropicis
904 974 977 1017 cum
992 951 1155 1019 centaurio
1170 963 1226 1018 aut

103 1052 138 1115 in
158 1051 220 1116 fico
240 1051 361 1136 duplici
383 1050 425 1115 ad
446 1051 665 1117 evacuandam
687 1051 809 1130 alvom,
838 1051 925 1136 quod
947 1051 1109 1119 efficacius
1130 1074 1225 1138 prae-

105 1164 168 1218 stat
196 1151 296 1218 viride
318 1173 391 1216 cum
412 1151 579 1223 coriandro
600 1151 634 1215 in
656 1173 744 1217 mero
766 1163 889 1238 potum,
922 1154 1107 1239 suspiriosis
1128 1155 1226 1239 aliqui

105 1264 136 1318 et
165 1253 275 1318 tritum
295 1253 330 1317 in
356 1252 439 1318 lacte
462 1251 632 1317 dederunt.
667 1250 871 1338 Praxagoras
893 1263 925 1318 et
947 1266 1058 1320 contra
1078 1254 1226 1322 morbum

104 1354 230 1441 regium
257 1354 331 1418 vino
359 1353 489 1418 miscuit
517 1362 551 1418 et
578 1363 688 1418 contra
715 1353 813 1419 ileum
842 1354 877 1418 in
903 1355 972 1420 oleo
994 1365 1027 1420 et
1048 1357 1152 1440 pulte,
1181 1357 1227 1422 sie

104 1455 242 1520 inlinens
263 1453 397 1519 strumis
411 1473 549 1537 quoque.
578 1452 712 1538 Antiqui
727 1463 759 1518 et
773 1453 1007 1520 insanientibus
1021 1455 1142 1522 dabam
1156 1478 1227 1522 cru·

104 1556 197 1632 dum,
227 1555 358 1621 Diocles
383 1554 578 1641 phreneticis
601 1555 731 1621 elixum.
760 1552 883 1621 Contra
904 1557 1043 1642 anginas
1061 1557 1172 1623 tritum
1193 1558 1228 1622 in
1276 1576 1285 1619 t

105 1677 204 1740 posca
224 1656 429 1743 gargarizare
451 1655 593 1744 prodest.
619 1654 779 1721 Dentium
793 1656 936 1723 dolorem
949 1657 1054 1723 tribus
1068 1658 1227 1744 capitibus
1242 1676 1272 1720 sa
1302 1676 1305 1684 ·

104 1758 139 1841 iu
160 1769 252 1823 aceto
274 1758 357 1822 tritis
378 1757 529 1822 inminuit
549 1758 602 1823 vel
624 1757 651 1821 si
674 1759 799 1823 decocti
820 1779 904 1854 tw
925 1759 1116 1824 conluantur
1125 1760 1226 1825 adda-

106 1869 221 1941 turque
243 1858 350 1943 ipsum
371 1859 408 1946 in
427 1880 506 1923 cara
527 1857 680 1922 dentium.
702 1859 848 1942 Qu
870 1859 965 1924 etiam
983 1859 1159 1926 instillatur
1172 1882 1227 1926 su·

105 1981 163 2023 cus
185 1980 258 2023 cum
276 1959 371 2046 Q
386 1958 545 2037 anserino,
564 1957 747 2044 phthiriasis
769 1969 802 2023 et
821 1958 1002 2044 porrigines
1015 1970 1138 2045 potum,
1151 1961 1228 2026 item

104 2060 247 2124 infusum
267 2082 342 2124 cum
360 2070 450 2124 aceto
467 2070 500 2124 et
513 2059 598 2123 nitro
613 2059 791 2144 conpescit,
813 2051 1043 2126 destillationes
1057 2082 1131 2126 cum
1144 2062 1227 2128 lacte

107 2169 230 2241 coctum
258 2160 311 2227 vel
333 2160 443 2224 tritum
464 2160 701 2244 permixtumve
722 2181 816 2226 caseo
837 2159 941 2239 molli,
968 2181 1033 2244 quo
1054 2182 1173 2250 genere
1195 2173 1228 2228 et

106 2261 293 2326 raucitatem
321 2271 475 2326 extenuat
502 2261 536 2326 in
565 2261 629 2346 pisi
655 2271 711 2326 aut
732 2260 827 2327 fabae
848 2260 1038 2338 sorbitione3
1068 2264 1102 2328 in
1124 2272 1227 2330 totum
1240 2279 1273 2323 54

106 2372 214 2426 autem
236 2374 361 2427 coctum
381 2360 490 2427 utilius
511 2373 560 2428 est
582 2360 683 2428 crudo
703 2361 887 2446 elixumque
908 2373 1010 2438 tosto;
1034 2363 1081 2430 sic
1101 2374 1134 2428 et
1155 2365 1227 2430 voci

107 2463 181 2547 plus
204 2464 337 2529 confert.
359 2463 498 2528 Taenias
519 2473 552 2529 et
572 2463 696 2548 reliqua
716 2463 865 2528 animalia
885 2463 1122 2529 interaneorum
1139 2462 1229 2549 pellit

107 2638 204 2701 Appul.
224 2677 254 2685 ..
273 2651 415 2685 araneorum
427 2634 534 2695 muriam,
546 2632 651 2686 Barbas.
671 2649 772 2683 araneos
783 2643 805 2684 et
816 2650 901 2697 mures,
913 2637 984 2687 Tad.
1004 2675 1035 2685 ..
1053 2636 1188 2697 vacatis,
1203 2654 1226 2687 a.

108 2745 139 2782 .-
161 2701 356 2765 pardalianches,
373 2701 446 2753 codd.
458 2700 516 2754 su.
537 2699 732 2766 pausamus,
749 2704 793 2752 cd.
818 2742 849 2752 ..
876 2701 901 2751 in
917 2717 986 2766 quae,
1003 2705 1041 2754 ad
1058 2701 1144 2766 (codd.
1158 2700 1228 2766 Ger.)

107 2786 218 2914 'ababli'
228 2853 274 2911 sui,
285 2870 308 2904 a.
320 2893 352 2904 ..
370 2852 428 2903 siin
438 2854 529 2903 aeneos
540 2851 698 2914 warmunt,
709 2869 726 2904 a
737 2850 825 2915 (codd
838 2810 911 2925 del.)
928 2854 953 2903 iu
965 2853 1042 2903 ναίω
1053 2853 1229 2917 ⁸sa'a'uttunucrt't,

107 2923 159 2972 Tu.
184 2921 208 2969 si
222 2920 301 2969 umisa
316 2919 459 2983 intumuerit,
474 2937 494 2972 r.
513 2961 545 2971 ..
571 2919 655 2984 suffitu
671 2935 705 2981 ec,
722 2936 745 2970 a.
770 2918 866 2983 sufflatu
877 2937 911 2982 eo,
924 2923 948 2972 d.
974 2918 1065 2983 suffito,
1079 2922 1177 2986 Appnl.
1197 2963 1227 2973 -

108 2986 204 3037 evocari
218 2987 333 3036 secundas
346 2996 441 3051 portus,
458 2991 475 3038 d
491 2985 614 3053 (Appul.)
640 2986 723 3036 voccri
735 2986 851 3037 secundos
863 2995 957 3052 partus,
969 3003 992 3038 a.
1018 2988 1134 3038 secundos
1142 2997 1230 3053 portus

108 3051 272 3120 rememsis.
297 3053 609 3119 secundinianum-1.
629 3052 925 3119 mundusopartu,K².
949 3053 1061 3104 secundos
1069 3057 1230 3119 partiremu-

107 3125 155 3173 lec.
173 3165 205 3173 ..
224 3121 350 3184 mamas,
363 3124 379 3173 d
391 3119 515 3187 (Appul.)
532 3104 682 3184 micabit,
694 3118 766 3186 αβγ.

142 3209 210 3272 552.
237 3205 264 3256 id
279 3205 371 3286 dadae,
388 3209 432 3287 ad
459 3203 488 3254 td
495 3206 576 3286 ¹tn'tum
588 3202 681 3267 dedere,
692 3222 712 3256 r.
731 3245 762 3255 -
786 3205 936 3287 autiafico,
952 3208 996 3259 ad.
1023 3205 1119 3270 influo,
1133 3223 1152 3274 γ
1167 3209 1229 3260 vitio

109 3270 1128 3408 tmrvff'tttttatttt‚‘¹uui't²⁰l⁰taittll*{tilii
1142 3280 1228 3406 lis,

109 3409 205 3473 Appul.
217 3425 243 3474 p.
256 3415 313 3460 289.
333 3450 364 3459 ..
384 3408 468 3487 ³trium,
484 3407 582 3473 Appul.
602 3447 637 3491 -q
646 3406 684 3486 'ic
693 3424 774 3486 posco,
788 3410 804 3459 d
820 3404 959 3488 (Appull
970 3408 1077 3525 inpono&
1092 3427 1115 3461 a.
1142 3410 1231 3490 imponi

110 3485 139 3537 et,
154 3473 204 3541 βγ.
229 3518 259 3526 -
285 3491 452 3542 perpetuare,
468 3474 521 3527 Tu.
546 3490 716 3540 qoryortzcrr,
731 3475 828 3541 Appul.
853 3492 1035 3542 purpurascere,
1077 3514 1084 3527 .
1110 3495 1229 3527 carcam-

109 3559 211 3692 smdebli..
238 3626 320 3689 dolori
334 3632 358 3679 d.
376 3669 407 3678 ..
435 3620 568 3690 minuisti.
587 3667 619 3678 ..
646 3627 766 3691 irrscm,a.
785 3668 816 3678 ...
844 3626 1015 3690 intelletum.
1035 3668 1065 3679 ..
1087 3628 1229 3693 porripinea
1278 3632 1280 3636 '

113 3689 192 3746 ona.
212 3697 358 3760 porripenar,
371 3697 402 3746 Τ.
422 3695 555 3762 ρονήρεηε,
567 3699 591 3746 d.
612 3693 755 3760 pntnbiuea
771 3690 800 3757 β.
818 3736 850 3746 ..
874 3696 929 3746 item
940 3696 1051 3760 insuetus,
1064 3697 1117 3746 Td.
1139 3696 1193 3746 item
1204 3697 1229 3746 ia

110 3779 219 3823 asama.
245 3760 455 3828 tusumitcnt,ss7.
477 3803 505 3812 ..
529 3761 683 3827 conspicias.
702 3802 734 3813 ..
756 3767 908 3826 coctum,ad.
921 3764 1015 3828 (lm-r.
1035 3804 1066 3814 ..
1081 3764 1231 3828 permistum·

110 3847 161 3894 que,
172 3832 205 3882 K.
224 3873 255 3881 ..
275 3839 392 3892 mteauat,
403 3831 501 3895 Appnl·
519 3837 629 3881 extenuat
638 3829 681 3893 vel,
694 3826 786 3896 adssy.
801 3873 832 3882 ..
851 3831 876 3880 in
883 3831 936 3897 pt'si
945 3839 994 3893 aut,
1005 3831 1104 3896 Appnl.
1121 3828 1147 3880 iu
1155 3831 1232 3897 pctus·

110 3906 159 3960 aut,
172 3902 198 3950 do
214 3900 239 3948 iu
252 3898 329 3964 thyrsis
340 3899 373 3957 in,
386 3915 408 3948 a.
424 3897 530 3962 phthisin
540 3897 574 3960 iu,
584 3894 636 3962 βγ.

143 3987 158 4048 ξ
172 3990 212 4034 54.
230 3992 272 4045 est,
284 3985 321 4034 ad
333 3980 455 4047 (Appul.)
468 3983 527 4034 Om.
538 3999 558 4033 r.
576 4022 608 4034 ..
625 3988 697 4042 tosta
709 3986 754 4033 ad.
778 3990 833 4042 toto,
845 3984 942 4048 Appul.
961 4024 992 4033 -
1009 3981 1071 4046 phu,
1083 3982 1129 4031 'l'd
1141 3980 1229 4045 (codd.

110 4051 224 4113 Barbari,
241 4050 353 4115 Appul.)
371 4052 488 4103 Omitte
504 4049 591 4113 (codd
609 4048 679 4113 Gal.)
696 4046 748 4115 βγ.
771 4090 802 4100 ..
824 4050 941 4112 Taurios,
962 4052 998 4101 ita
1012 4066 1059 4099 nos
1075 4048 1229 4113 scripsimus.

114 4117 208 4180 Tirsos,
220 4115 312 4182 adssy.
340 4118 378 4168 At
389 4128 456 4169 recto
467 4118 571 4170 Cornan.
588 4121 621 4169 ad
637 4117 728 4170 Galen.
743 4133 769 4183 p.
781 4125 838 4169 343.
855 4119 1004 4178 observarit,
1022 4118 1230 4193 quotiescumque

110 4186 320 4306 gpppprnlprgppzet
331 4187 456 4236 vermibus
467 4187 644 4262 intestinorum
655 4187 767 4237 hominis
779 4187 812 4236 sit
827 4200 917 4246 sermo,
933 4199 1032 4248 semper
1048 4191 1141 4234 ammas
1156 4196 1229 4248 repo-
1327 4258 1331 4263 .
