2754 4726
364 320 434 366 um.
452 320 524 367 x1x.
555 319 633 366 cnr.
651 320 713 367 xu.
743 319 841 367 suun.
857 322 939 366 8-8.
1156 304 1217 369 287

96 468 267 556 appellant.
305 468 492 554 Zmyrnium
521 472 594 535 olus
621 469 738 535 seritur
764 469 877 536 iisdem
906 471 984 536 loeis
1013 493 1218 556 murramque
1233 488 1281 535 188

96 571 203 636 radice
225 570 339 654 resipit
346 595 355 646 ;
386 571 498 637 eedem
525 581 556 635 et
582 571 764 655 siliquastro
786 571 876 636 sntio.
905 570 1042 654 Reliqua
1064 595 1083 636 a
1104 575 1218 638 ueteris

96 683 128 737 et
150 670 247 737 odore
269 684 300 735 et
324 693 435 757 sapore
451 672 613 748 differunt,
636 682 673 735 ut
695 682 841 748 anetum,
865 681 1017 755 tantaque
1039 683 1088 736 eet
1109 673 1217 740 diver-

96 772 174 836 sitas
197 784 293 856 atque
315 773 364 836 vis
386 783 422 836 ut
444 794 508 836 non
532 772 635 836 solum
656 771 745 836 aliud
774 772 835 837 alio
862 783 1005 836 mutetur
1043 772 1219 838 sedetiam

96 870 129 932 in
153 881 255 936 totum
277 872 450 937 auferatur.
487 871 575 958 Apio
598 872 744 938 eximunt
766 873 834 937 coci
856 872 897 936 de
918 871 1060 937 obsoniis
1083 883 1218 950 anetum,

96 971 209 1036 eodem
228 971 349 1038 cellarii
369 972 403 1036 in
423 971 526 1039 saeuis
544 970 675 1037 odorem
696 971 729 1036 in
750 972 826 1039 vino
840 994 984 1058 gravem.
1006 970 1052 1034 Et
1066 970 1219 1037 haetenus
1235 991 1282 1036 ree

96 1071 258 1136 hortensia
286 1071 374 1136 dicte
401 1072 483 1150 sint,
512 1070 656 1136 ciborum
683 1072 789 1158 gretia
815 1071 991 1138 dumtaxat.
1027 1070 1219 1136 Maxumum

40 1235 42 1240 .
97 1171 228 1254 quidem
254 1193 337 1258 opus
363 1171 395 1236 in
417 1171 532 1238 iisdem
558 1182 693 1239 naturae
714 1183 833 1252 restet,
866 1173 1018 1257 quoniam
1042 1182 1219 1258 proventus

97 1284 220 1337 tantum
241 1273 348 1340 adhue
370 1294 573 1358 summaeque
594 1273 750 1358 quasdem
772 1274 995 1352 tractavimue3
1018 1284 1218 1338 vernantem

96 1373 253 1459 cuiusque
271 1384 386 1439 natura
405 1396 471 1439 non
489 1375 553 1439 nisi
566 1373 691 1440 medico
707 1375 821 1441 effectu
835 1375 981 1461 pernosci
995 1384 1112 1460 potest,
1135 1394 1219 1458 opus

96 1475 212 1560 ingene
234 1475 458 1560 oecultumque
480 1475 658 1541 divinitatis
680 1486 712 1541 et
732 1497 797 1560 quo
818 1475 941 1541 nullum
961 1474 1097 1562 reperiri
1118 1473 1221 1560 possit

97 1576 209 1640 maius.
243 1575 292 1642 Ne
314 1575 449 1662 singulis
470 1576 503 1641 id
525 1575 623 1642 rebus
644 1587 900 1656 contexeremus,
922 1577 1007 1641 iustu
1028 1574 1105 1641 fecit
1125 1575 1218 1653 ratio,

97 1697 170 1740 eum
192 1676 234 1741 ed
255 1676 335 1741 ulios
356 1677 505 1743 medendi
527 1676 688 1743 desideria
707 1676 912 1764 pertinerent,
934 1677 1040 1762 longis
1054 1676 1219 1759 utriusque

98 1775 303 1841 dilationibus
323 1777 452 1856 futuris,
475 1778 503 1842 si
517 1778 758 1844 miseuiesemus
766 1803 776 1856 ;
798 1799 884 1844 nuno
898 1778 965 1844 suis
979 1799 1128 1861 quaeque
1141 1797 1217 1862 par-

97 1877 184 1942 tibus
206 1877 399 1945 constabunt
419 1887 632 1966 pot-eruntque
653 1902 674 1944 a
694 1878 874 1945 volentibus
895 1879 997 1966 iungi.

132 2082 216 2144 §ltu
243 2082 470 2149 Zntyrneunuaed.
494 2081 530 2132 m
539 2083 676 2150 smyrnium,
687 2081 738 2150 βγ.
759 2126 789 2135 ..
815 2091 928 2147 tantaque
939 2084 1037 2142 ested.
1062 2089 1183 2145 tantaque,
1195 2098 1216 2132 e.

99 2190 130 2200 ..
152 2149 215 2199 alim
225 2149 383 2211 ali0‚Dxlec.
406 2193 437 2203 ..
464 2151 517 2200 eoei
530 2149 560 2200 de
570 2153 669 2214 obeunte,
681 2152 778 2217 Appul.
805 2149 994 2220 coqfiobmm‘t‘e,
1011 2145 1123 2213 uedfir.
1143 2190 1174 2198 ..
1193 2149 1218 2198 iu

98 2217 159 2278 vino,
171 2219 268 2283 Appul.
286 2219 347 2280 vino,
359 2213 470 2285 aedssy.

98 2349 107 2397 1
132 2287 215 2362 §istu
228 2283 337 2402 deteritur,
354 2287 378 2335 d.
405 2283 502 2346 modico,
520 2301 561 2336 ac.
588 2327 615 2335 -
643 2287 734 2351 effoeto,
748 2279 778 2336 θ,
803 2327 832 2334 -
860 2283 936 2334 herbis
952 2291 1115 2345 annuemus,
1127 2285 1159 2334 Κ.
1184 2325 1214 2334 „-

106 2367 223 2416 onyruue
245 2388 252 2403 .
