2754 4726
389 313 457 363 sm.
474 316 562 364 xvn.
593 317 670 363 car.
687 319 776 365 xxm
808 318 905 366 anor.
921 321 952 364 ιε.
1169 303 1229 367 113

110 477 221 557 postea
247 466 347 532 fetum
376 466 548 544 audacem3
582 489 642 533 nec
671 480 775 534 tutum
806 480 855 534 est
882 469 967 552 quod
994 467 1229 548 cicatricum,

109 590 226 666 magno
249 567 418 654 inperitiae
440 589 558 632 errore.
593 566 761 653 Quidquid
782 580 834 634 est
854 569 927 648 tale,
949 569 1054 655 plagis
1074 570 1229 649 nascitur,
1245 585 1291 634 ιιι

108 692 171 736 non
200 692 218 734 e
247 678 364 743 matre3
398 677 481 733 totas
502 666 618 732 habeat
637 668 692 734 illa
711 669 789 735 viris
811 669 888 734 dum
909 669 1089 748 roboratur,
1116 681 1149 737 et
1174 693 1229 736 an·

54 831 59 838 .
107 793 188 836 nuos
217 768 337 854 accipit
365 777 433 832 tota
454 767 551 844 fetus,
581 791 653 833 cum
679 769 872 856 permissum
894 768 991 834 fuerit
1011 771 1110 837 nasci.
1141 770 1230 838 Nihil

107 883 223 937 natura
250 868 452 954 portionibus
477 869 570 951 parit.
605 867 699 951 Quae
725 869 902 934 excreverit
930 869 1008 935 satis
1035 870 1128 935 firma
1154 894 1230 956 pro·

108 971 194 1037 tinus
215 971 249 1034 in
270 970 347 1057 iugo
370 968 528 1034 conlocari
551 969 693 1047 debebit,
721 970 749 1035 si
777 970 952 1036 etiamnum
978 970 1135 1037 infirmior
1159 971 1230 1051 erit,

108 1073 167 1139 sub
190 1073 263 1159 ipso
283 1072 361 1157 iugo
383 1068 539 1155 hospitari
559 1071 671 1136 recisa.
695 1070 843 1150 Viribus,
869 1094 934 1136 non
955 1082 1062 1137 aetate
1084 1073 1229 1139 decerni·

108 1185 169 1240 tur.
200 1171 423 1238 Temerarium
450 1181 500 1236 est
525 1183 600 1236 ante
622 1172 865 1237 crassitudinem
892 1172 1078 1259 pollicarem
1100 1173 1157 1239 viti
1178 1174 1229 1239 in·

106 1296 234 1365 perare3
258 1282 412 1356 sequente
433 1294 516 1336 anuo
538 1272 687 1357 palmites
706 1273 890 1338 attollentur
903 1296 963 1360 pro
977 1274 1103 1340 viribus
1117 1276 1229 1341 matris

108 1375 226 1464 singuli
248 1382 304 1439 aut
323 1372 455 1461 gemini.
477 1371 582 1436 Iidem
604 1382 636 1438 et
658 1383 779 1451 secuto,
803 1372 830 1437 si
852 1385 946 1462 coget
965 1374 1144 1455 infirmitas,
1166 1400 1228 1442 nu·
1243 1392 1291 1438 tta

108 1477 244 1555 triantttr
271 1474 430 1558 tertioque
457 1472 586 1538 demum
613 1474 678 1540 duo
705 1474 904 1551 adiciantur3
936 1498 997 1542 nec
1024 1486 1105 1541 sunt.
1118 1478 1229 1563 plures

108 1574 272 1661 quaternis
286 1596 438 1658 umquam
452 1574 668 1660 permittendi,
692 1573 893 1661 breviterque
911 1599 977 1643 non
995 1576 1229 1663 indulgendum

109 1687 140 1742 et
161 1698 291 1762 semper
310 1675 485 1741 inhibenda
507 1675 707 1752 fecunditas3
730 1686 762 1741 et
783 1699 821 1742 ea
843 1689 894 1767 est
913 1688 1040 1757 natura,
1063 1688 1100 1743 ut
1114 1701 1228 1766 parere

108 1776 195 1842 malit
216 1799 313 1862 quam
335 1777 453 1842 vivere.
487 1773 656 1858 Quidquid
677 1777 828 1842 materiae
849 1779 1010 1858 adimitur,
1033 1780 1152 1846 fructui
1173 1802 1227 1846 ac-

109 1876 202 1942 cedit.
224 1876 285 1942 Illa
308 1876 430 1942 semina
450 1877 570 1941 mavolt
590 1897 685 1958 quam
706 1876 846 1942 fructum
868 1878 970 1966 gigni,
992 1881 1143 1963 quoniam
1158 1881 1228 1944 iru-

108 1989 177 2044 ctus
199 1978 322 2063 caduca
342 2000 396 2043 res
418 1987 483 2054 est3
515 1975 562 2042 sic
582 1977 762 2062 perniciose
783 1977 923 2042 luxuriat
943 2001 1004 2043 nec
1025 1980 1158 2065 ampliat
1180 2002 1226 2058 se,

110 2079 167 2143 sed
186 2079 300 2166 egerit.
322 2076 424 2142 Dabit
445 2077 615 2142 consilium
635 2087 667 2142 et
684 2077 742 2142 soli
757 2088 880 2143 natura.
901 2077 941 2142 In
959 2101 1078 2159 macro,
1101 2080 1226 2147 etiamsi
1242 2096 1289 2140 179

108 2181 184 2245 viris
212 2177 354 2257 habebit,
382 2179 485 2244 recisa
510 2179 596 2244 intra
621 2179 732 2265 iugum
760 2189 901 2269 moretur
926 2191 963 2246 ut
989 2182 1092 2248 omnis
1119 2182 1227 2247 fetura

109 2279 165 2346 sub
188 2301 228 2344 eo
250 2289 353 2345 exeat
386 2278 571 2345 Minumum
592 2280 626 2345 id
648 2303 721 2346 esse
742 2279 873 2347 debebit
893 2282 1095 2350 intervallum
1116 2296 1154 2349 ut
1174 2295 1224 2350 at-

109 2381 211 2469 tingat
231 2379 345 2468 iugum
365 2390 545 2466 speretque,
572 2404 636 2445 non
658 2392 776 2461 teneat,
806 2382 888 2448 adeo
913 2405 978 2448 non
1005 2384 1171 2450 recumbat
1192 2385 1225 2449 in

109 2505 154 2560 eo,
183 2505 245 2547 nec
270 2481 407 2548 delicate
434 2504 469 2547 se
497 2493 640 2570 spargat.
672 2483 725 2547 Ita
752 2493 948 2570 temperetur
974 2485 1027 2551 hic
1052 2486 1167 2551 modus
1189 2496 1226 2550 ut

108 2605 249 2649 crescere
276 2582 452 2648 etiamnum
479 2583 569 2647 malit
596 2605 692 2671 quam
719 2606 842 2668 parere.
874 2583 1002 2649 Palmes
1024 2584 1104 2649 duas
1126 2586 1225 2651 trisve
1240 2599 1288 2642 ¹80

108 2707 251 2773 gemmas
272 2682 391 2748 habere
405 2682 466 2748 sub
480 2683 559 2770 iugo
580 2666 689 2761 debet,
711 2706 751 2748 ex
774 2683 892 2768 quibus
914 2683 1047 2747 materia
1061 2697 1224 2764 nascatur,

106 2796 184 2852 tnnc
205 2808 264 2872 per
285 2785 398 2873 iugum
419 2785 524 2872 mergi
545 2784 747 2872 adligarique
768 2795 806 2848 ut
828 2784 1025 2849 sustineatur
1045 2783 1133 2871 iugo,
1161 2807 1224 2850 non

106 3002 161 3043 suut
174 2993 455 3056 daaetresvelittera03
479 2993 606 3045 exstitisse
617 2994 715 3044 videnn
727 2992 781 3055 nc).
807 3009 858 3042 cuns
871 2987 1069 3054 excreveritssr.
1101 2989 1162 3040 Vitis
1173 3006 1224 3039 cum

106 3075 174 3118 aren,
186 3061 277 3111 Dalec.
297 3102 328 3110 -
346 3061 376 3120 si,
388 3077 411 3111 a.
429 3060 474 3121 sin,
487 3063 502 3110 d
507 3056 558 3124 βγ.
578 3102 608 3110 -
627 3069 706 3109 aetate
717 3060 745 3109 id
755 3058 855 3124 decern„
866 3061 957 3110 Dalee.
970 3099 1001 3107 -
1019 3065 1134 3120 sequente,
1146 3075 1169 3108 a.
1186 3073 1223 3106 se·

105 3127 189 3189 quenti
202 3123 275 3192 ᾱβγ.
294 3169 325 3177 -
348 3127 490 3186 attollmtur,
503 3130 540 3178 ita
550 3143 598 3178 nos
611 3129 764 3192 scripsimus.
782 3125 922 3184 salutentur,
934 3127 971 3175 ad
975 3121 1005 3187 β,
1017 3128 1085 3189 quod
1097 3127 1223 3191 explicare

105 3204 210 3245 conatur
217 3196 366 3246 Doederlin.
377 3194 458 3244 latein.
469 3195 559 3260 Synna.
572 3202 593 3252 1,
604 3201 644 3244 29.
662 3193 790 3254 salventur,
799 3195 878 3245 Hard.
895 3201 1022 3255 seruentur,
1034 3194 1106 3244 Brot.
1117 3209 1142 3259 γ,
1159 3211 1222 3243 sum-

104 3260 233 3322 mittantur,
243 3263 331 3313 Delec.
350 3263 415 3314 (lam
425 3278 509 3327 neque
521 3263 643 3325 scriptura
654 3263 759 3324 vulgata
770 3276 851 3325 neque
863 3262 916 3312 ulla
929 3262 1128 3312 coniecturamm
1137 3264 1221 3314 adbuc

103 3331 259 3392 prolatarum
268 3338 357 3393 aptum
365 3346 466 3380 sensum
476 3328 604 3393 praebeat,
616 3331 717 3393 reposui
727 3330 794 3393 quod
807 3345 823 3379 a
834 3331 956 3394 scriptura
967 3333 1040 3380 codd.
1052 3332 1167 3394 proxime
1179 3332 1223 3380 ab·

104 3410 155 3447 esse
167 3413 245 3446 nemo
257 3399 367 3461 negabit,
384 3399 404 3448 si
416 3398 481 3447 illud
493 3400 574 3455 datur,
592 3399 660 3460 quad
673 3397 746 3446 facile
759 3398 811 3447 dari
823 3406 916 3461 potest,
929 3413 960 3447 ex
973 3398 1091 3462 proxima
1102 3413 1166 3447 voce
1177 3413 1223 3462 per

104 3477 188 3514 casum
203 3465 337 3528 repetitam
349 3465 426 3515 fuisse
437 3466 548 3514 litteram
560 3471 699 3514 extremam
710 3481 731 3526 a,
747 3467 813 3515 utin
826 3466 912 3514 codiee
924 3467 1062 3530 archetypo
1074 3464 1223 3514 sattellentur

104 3540 221 3596 exstaret,
234 3536 303 3596 quod
315 3540 404 3597 postea
415 3534 442 3582 in
452 3533 584 3596 vulgatam
596 3534 745 3596 scripturam
758 3535 791 3582 sit
801 3540 934 3582 mutatum.

135 3602 149 3663 ξ
165 3604 222 3650 178.
249 3598 390 3660 sisenando,
402 3600 435 3649 K
455 3640 485 3648 -
504 3594 907 3665 nisi,1)alec...c‹›9n‚8Tad.
926 3596 1080 3664 coqit‚st.-
1099 3596 1221 3662 indulqen·

104 3663 164 3726 dnm,
174 3669 220 3716 ad.
238 3665 405 3732 indulpendum
415 3674 456 3727 est,
468 3662 519 3732 βγ.
532 3707 563 3717 ..
581 3675 605 3716 et
616 3683 645 3716 ea
656 3675 697 3726 ast,
710 3671 734 3718 d.
752 3666 777 3715 in
788 3683 818 3716 ea
830 3675 871 3729 est,
883 3683 906 3717 a
923 3665 966 3715 Ea
978 3675 1012 3716 eat
1023 3665 1091 3726 enim,
1103 3661 1154 3730 βγ.
1172 3665 1222 3715 La·

104 3739 138 3782 tet
153 3735 198 3783 hic
213 3734 301 3798 aliqua
317 3736 461 3797 corruptela
473 3742 506 3795 et,
523 3734 570 3785 nisi
582 3733 664 3796 fallor,
682 3736 853 3786 scribendum:
868 3733 1008 3796 fecunditas
1020 3732 1044 3781 in
1056 3749 1098 3795 ea,·
1114 3741 1137 3781 et
1148 3749 1177 3782 ea
1188 3740 1222 3781 est

104 3808 197 3850 natura.
215 3801 349 3866 Reliquiae
361 3817 434 3852 verae
445 3803 521 3853 huius
532 3804 678 3866 scripturae,
691 3817 755 3866 quae
764 3817 809 3866 per
818 3801 1009 3851 similitudinem
1018 3815 1111 3851 vocum
1119 3802 1221 3861 interiit,

105 3867 127 3916 in
139 3876 248 3933 atroque
260 3870 348 3919 codice
360 3877 468 3919 exstant.
488 3911 519 3920 ..
537 3867 622 3931 mallit,
634 3887 657 3920 a.
670 3892 701 3919 ,-
724 3867 850 3932 Quicquid,
862 3883 886 3917 a.
901 3909 931 3916 -
950 3867 1006 3930 vult,
1019 3883 1041 3919 a.
1061 3910 1091 3918 ..
1109 3867 1139 3928 si,
1152 3871 1176 3919 d.
1189 3909 1220 3916 -

105 3948 141 3983 nte
151 3933 227 3984 solum
240 3934 348 4000 ampliat,
360 3938 447 3987 Dslec.

135 4005 221 4066 5179.
249 4002 318 4065 uires,
330 4005 405 4054 Kad.
424 4004 488 4064 nites,
500 3999 529 4065 β.
549 4045 580 4053 ..
599 4002 674 4067 infin,
686 4005 776 4053 Dalec.
796 4044 826 4052 -
850 4002 956 4064 moritur,
973 3996 1043 4053 tau.
1064 4044 1093 4051 -
1116 4010 1221 4065 superet-

108 4083 154 4130 que,
167 4073 191 4119 d.
208 4079 371 4134 superemus,
384 4088 406 4121 a
426 4112 457 4120 ..
475 4071 530 4130 um,
543 4089 565 4123 a
586 4113 616 4121 -
634 4070 760 4119 etiamnum
772 4052 847 4131 maid,
859 4072 931 4122 Brot.
944 4085 957 4119 e
970 4072 1042 4120 codd.
1054 4071 1120 4119 inter
1131 4084 1157 4119 se
1169 4070 1221 4119 col-

109 4134 166 4186 latis.
186 4137 312 4187 etiamnum
325 4137 413 4198 maliet,
425 4154 448 4187 a.
466 4136 535 4186 malit
545 4137 679 4198 etiamnum,
692 4139 745 4188 Td.
763 4137 833 4186 etiam
846 4136 922 4198 malit,
934 4133 963 4198 β.

137 4202 220 4263 51⁸0.
239 4204 324 4256 babere
339 4207 382 4256 sub
397 4205 460 4270 iupa,
476 4205 521 4253 ad.
543 4205 585 4253 sub
599 4204 655 4269 iupa
670 4203 762 4264 labere,
774 4199 823 4268 βγ.
844 4245 874 4252 -
897 4220 926 4251 en
947 4203 1050 4251 materiis
1070 4203 1154 4265 quibus
1171 4219 1221 4250 mu-

111 4274 170 4332 nna,
186 4273 231 4322 ad.
1000 4335 1020 4395 8
