2754 4726
333 299 402 345 um.
422 300 495 347 xvr.
525 299 603 346 aar.
618 301 717 348 111111.
735 302 831 350 xurv.
860 302 959 350 auor.
975 304 1057 348 aas.
1213 288 1252 352 61

137 447 349 526 terebinthus,
373 450 476 514 aceris
498 472 633 538 genera,
655 451 794 530 buxum,
816 454 938 539 palma,
960 451 1155 536 aquifolium,
1176 455 1253 534 ilex,

137 549 279 615 sambuci
302 548 404 629 radix,
426 551 577 635 populus.
611 549 679 615 Dat
701 562 733 616 et
755 551 857 630 alnus,
879 563 916 615 ut
936 552 1057 616 dictum
1080 563 1139 632 est,
1162 555 1255 620 tuber

56 672 59 676 ·
134 651 245 716 sectile
272 650 355 715 sicut
382 650 496 715 citrum
522 671 674 734 acerque3
707 674 768 716 nee
797 652 930 716 aliarum
951 653 1063 718 tubera
1084 652 1119 717 in
1139 654 1253 740 pretio.

38 831 40 835 ,
133 750 247 816 Media
268 772 346 835 pars
367 750 519 815 arborum
547 751 683 838 crispior
718 763 750 816 et
777 774 840 836 quo
867 753 999 838 propior
1023 752 1123 817 radici
1152 754 1253 819 miuo-

132 850 222 916 ribus
243 851 412 939 magisque
433 850 591 917 flexilibus
613 853 756 918 maculis.
779 852 872 918 Haec
886 854 992 939 prima
1005 854 1096 940 origo
1109 854 1254 921 luxuriae
1266 872 1316 918 aaa

134 953 295 1029 arborum,
318 951 380 1015 alia
401 949 502 1039 integi
525 962 558 1018 et
578 952 705 1018 viliores
727 954 807 1040 ligni
821 954 1028 1039 pretiosiores
1043 954 1160 1018 cortice
1174 954 1254 1019 fieri.

134 1051 184 1118 Ut
204 1075 269 1116 una
290 1053 385 1118 arbor
406 1053 535 1138 saepius
556 1053 691 1132 veniret,
714 1055 915 1140 excogitatae
937 1064 1011 1120 sunt
1025 1065 1057 1118 et
1070 1053 1150 1141 ligni
1165 1054 1253 1141 Q·

168 1175 222 1230 ae3
245 1163 305 1218 uec
327 1152 421 1217 satis:
446 1174 579 1238 coepere
601 1153 706 1241 tingui
726 1154 910 1219 animalium
924 1176 1051 1232 cornua,
1074 1153 1186 1219 dentes
1201 1176 1252 1220 se-

133 1253 202 1319 cari
222 1253 409 1340 lignumque
432 1252 529 1318 ebore
551 1253 717 1340 distingui,
740 1275 817 1318 mox
838 1255 972 1340 operiri3
994 1254 1115 1339 placuit
1137 1255 1254 1321 deinde

133 1354 300 1419 materiem
323 1363 355 1419 et
375 1353 409 1417 in
431 1353 510 1417 mari
531 1354 651 1437 quaeri.
675 1352 819 1420 Testudo
840 1354 875 1419 in
892 1355 953 1420 hoc
968 1365 1065 1433 secta,
1086 1378 1253 1441 nuperque
1266 1377 1316 1420 aaa

132 1455 326 1540 portentosis
345 1455 484 1542 ingeniis
504 1455 688 1540 principatu
702 1454 838 1520 Neronis
852 1457 1017 1520 inventum
1031 1466 1067 1519 ut
1080 1456 1254 1544 pigmentis

132 1556 283 1640 perderet
304 1579 339 1621 se
359 1556 524 1641 plurisque
547 1556 670 1621 veniret
684 1556 807 1621 imitata
819 1557 952 1644 lignum.
976 1555 1032 1622 Sic
1045 1556 1136 1621 lectis
1150 1558 1255 1641 pretia

133 1668 343 1739 quaeruntur,
367 1658 414 1722 sic
435 1656 651 1722 terebinthum
672 1657 758 1722 vinci
780 1655 903 1736 iubent,
928 1657 973 1722 sic
995 1656 1111 1721 citrum
1131 1657 1253 1743 pretio-

133 1758 201 1822 sius
222 1759 302 1836 lieri,
325 1759 371 1823 sic
393 1780 467 1822 acer
489 1757 603 1842 decipi.
625 1757 725 1822 Modo
747 1758 873 1822 luxuria
894 1759 1083 1824 nonfuerat
1103 1769 1253 1825 contenta

131 1858 238 1944 lign03
260 1859 324 1923 iam
344 1859 470 1944 liguum
492 1858 554 1922 emi
576 1858 735 1922 testudine
755 1859 841 1922 facit.

176 1957 307 2023 XLIV.
330 1961 381 2024 85.
414 1958 493 2024 Vita
514 1957 662 2022 arborum
684 1958 883 2042 quarundam
905 1957 1049 2021 inmensa
1071 1959 1157 2022 credi
1179 1969 1252 2043 pot-
1266 1977 1316 2022 aas

131 2069 193 2136 est,
206 2058 232 2123 si
246 2060 319 2143 quis
332 2060 491 2146 profunda
505 2058 616 2123 mundi
631 2067 663 2121 et
674 2057 776 2123 saltus
790 2058 972 2122 inaccessos
987 2058 1115 2145 cogitat.
1130 2059 1253 2124 Verum

131 2181 173 2223 ex
195 2159 245 2224 his
266 2183 348 2245 quas
369 2159 522 2226 memoria
542 2159 706 2224 hominum
729 2158 867 2224 custodit
889 2159 1007 2222 durant
1027 2158 1061 2222 in
1083 2158 1253 2225 Liternino

132 2261 422 2346 Africaniprioris
443 2284 539 2325 manu
562 2271 649 2325 satae
671 2260 784 2339 olivae,
806 2261 881 2323 item
903 2269 1028 2343 myrtus
1050 2260 1162 2327 eodem
1182 2263 1252 2329 loco

131 2362 324 2448 conspicuae
345 2361 574 2449 magnitudinis
581 2385 590 2438 3
614 2359 725 2426 subest
741 2382 878 2445 specus,
905 2360 939 2424 in
968 2382 1032 2444 quo
1058 2362 1161 2426 manis
1182 2363 1251 2427 eius

131 2461 293 2528 custodire
314 2463 411 2528 draco
433 2462 577 2527 traditur.
600 2460 724 2526 Romae
745 2483 820 2527 vero
842 2460 923 2526 lotos
944 2461 978 2526 in
998 2460 1143 2527 Lucinae
1165 2485 1250 2542 area,
1264 2477 1313 2521 aaa

131 2719 178 2767 que
190 2705 309 2754 collocat.
328 2747 358 2754 -
377 2706 453 2767 suber,
469 2697 540 2755 ded.
559 2743 590 2752 ..
611 2701 806 2765 Media,'1'adr.
830 2701 967 2766 Mediaque,
979 2698 1008 2762 β.
1027 2743 1056 2751 ..
1073 2708 1164 2764 partes,
1176 2705 1199 2752 d.
1218 2743 1249 2751 -

131 2773 253 2833 arborum,
266 2787 316 2821 om.
329 2789 348 2822 r.
369 2813 400 2822 ..
414 2771 521 2836 propior,
533 2773 557 2821 (1.
571 2769 692 2834 proprior,
704 2764 752 2831 1β.
772 2811 803 2819 ..
814 2769 916 2834 flexilis,
929 2787 951 2820 a.

169 2841 184 2903 ξ
198 2844 255 2891 232.
274 2838 390 2900 iniuriae,
403 2841 419 2888 d
431 2837 493 2907 (ret.
505 2840 549 2889 lib.
561 2854 601 2902 ap.
614 2839 721 2889 Salmas.
734 2853 816 2887 exerc.
828 2854 852 2902 p.
865 2844 922 2888 296.
935 2854 957 2886 a.
969 2834 1014 2898 E.)
1037 2834 1164 2893 luxuriam,
1176 2851 1199 2884 a.
1218 2875 1249 2884 -

131 2906 254 2967 arboreum,
266 2910 303 2957 ad
318 2905 381 2968 (vet.
393 2907 435 2956 lib.
449 2903 570 2968 Salmas.)
593 2907 709 2967 arborem,
724 2900 775 2970 βγ.
794 2946 826 2956 ,.
849 2904 942 2954 uiliores
955 2902 1020 2966 lipni,
1034 2919 1056 2951 a.
1082 2900 1173 2950 viliora
1185 2901 1250 2966 liqui,

132 2976 151 3023 d
163 2973 227 3035 (vet.
238 2975 282 3025 lib.
295 2973 416 3037 Salmas.)
439 2973 532 3022 viliores
544 2972 614 3038 liquo,
630 2969 682 3038 βγ.
704 2975 741 3024 At
752 2974 896 3037 recipienda
908 2971 956 3020 fuit
967 2971 1089 3032 scriptura
1100 2985 1116 3017 a
1127 2970 1202 3020 nobis
1213 2985 1250 3020 re·

131 3049 216 3105 cepta,
232 3058 291 3091 cum
302 3042 368 3091 Plin.
381 3043 462 3091 multa
473 3042 596 3091 adiectiva
607 3042 780 3091 conditionem
792 3041 904 3102 aliquam
917 3037 1054 3086 indicantia
1066 3051 1121 3086 enm
1134 3038 1250 3099 genetivo

131 3109 285 3158 substantivi
296 3110 349 3160 eina
361 3111 510 3172 coniungat,
526 3109 567 3157 cui
583 3109 629 3157 illa
640 3109 749 3157 conditio
761 3115 790 3156 ut
801 3106 903 3169 propria
913 3104 1041 3165 tribuitur3
1059 3104 1095 3153 ita
1110 3102 1198 3153 celeber
1209 3104 1250 3169 pi·

131 3183 216 3224 durae
227 3182 267 3236 35,
282 3182 347 3238 112,
358 3175 439 3226 clarete
446 3175 552 3239 fandum
564 3181 588 3235 3,
603 3181 668 3232 151,
685 3171 766 3221 cherua
777 3171 838 3219 artis
849 3177 890 3232 at,
904 3178 936 3232 8.,
952 3178 1057 3219 emautur
1068 3170 1158 3236 inperii
1168 3177 1191 3234 7,
1201 3177 1250 3237 66,

128 3241 250 3307 pretium
261 3241 412 3293 lacrimarum
425 3248 465 3304 12,
474 3249 524 3303 33,
542 3241 651 3303 inpratua
661 3239 803 3303 repromittis
814 3245 853 3297 12,
863 3246 911 3301 82,
928 3237 1029 3302 dilipens
1040 3247 1139 3288 naneae
1150 3245 1189 3302 19,
1199 3247 1249 3302 91,

122 3308 195 3374 salix
204 3309 399 3374 9116111117,
417 3307 504 3359 anxius
514 3306 648 3357 securitatis
662 3313 700 3366 15,
714 3309 766 3366 74„
784 3322 879 3355 rmurrie
890 3305 1057 3370 tempestatium
1071 3313 1109 3364 16,
1124 3312 1188 3368 175,
1206 3323 1249 3356 aa·

132 3375 249 3440 daaspet'
260 3384 300 3440 18,
312 3384 352 3430 36.
376 3375 1124 3438 11111111.111111111111011111111.1116111.
1143 3416 1174 3424 ..
1192 3390 1249 3438 pre-

133 3444 235 3505 tiosiore,
248 3447 293 3494 ad.
316 3461 328 3493 e
374 3443 481 3493 etioaiore
491 3442 606 3502 corticea,
623 3442 730 3493 Salmas.
743 3457 756 3491 e
767 3451 816 3492 vet.
827 3444 900 3493 libro.
918 3484 949 3491 ..
974 3442 1006 3491 Ut
1016 3443 1204 3502 una-veniret,
1217 3444 1249 3492 ed

132 3513 221 3576 priora
235 3511 311 3562 refert
348 3548 354 3562 .
381 3513 514 3563 Veriorem
529 3511 758 3574 interpunctionem
774 3513 835 3560 dant
850 3513 886 3560 ad
904 3507 965 3571 (vet.
977 3510 1020 3559 lib.
1034 3507 1155 3570 Salmas.)
1171 3523 1197 3574 r.
1216 3550 1246 3558 ..

131 3586 165 3640 et,
178 3580 204 3628 d.
229 3594 301 3642 ema.
319 3621 351 3629 ..
377 3581 489 3639 bratteae,
505 3595 527 3628 a
555 3579 658 3636 brateae,
675 3578 699 3626 d.
726 3579 841 3637 bracteae,
857 3572 907 3640 βγ.
926 3618 957 3625 ..
986 3575 1080 3638 operiri,
1097 3578 1113 3624 d
1130 3576 1191 3637 (vet.
1204 3577 1247 3626 lib.

131 3644 257 3709 Salmas.)
274 3646 373 3712 operire,
385 3663 408 3696 a.
427 3686 459 3696 ..
476 3645 603 3707 materiem,
616 3646 660 3694 ad.
678 3644 810 3705 materiam,
821 3640 872 3708 βγ.

168 3713 184 3773 §
197 3719 253 3764 233.
274 3713 385 3778 perderet
395 3729 427 3775 11,
440 3715 484 3763 ad.
507 3711 627 3776 penderet,
643 3721 692 3762 vet.
704 3714 768 3761 liber
779 3727 819 3775 ap.
832 3712 953 3772 Salmas„
972 3712 1014 3773 qui
1027 3707 1167 3774 perderetur
1178 3710 1247 3773 legit

127 3779 249 3846 perderet,
261 3783 294 3832 D.
314 3822 345 3830 -
365 3780 488 3846 plurisque
499 3778 594 3840 ueniret,
606 3783 651 3830 ad.
670 3777 791 3842 plurisque
803 3779 904 3838 venirem,
915 3780 962 3828 D2.
976 3779 1063 3828 Omitt.
1076 3778 1114 3827 D¹
1130 3774 1192 3838 (vet.
1204 3778 1247 3827 lib.

131 3846 258 3912 Salmas.)
271 3890 302 3898 -
318 3847 388 3910 lectis,
401 3852 444 3899 ad.
464 3847 518 3908 titis,
531 3841 559 3896 θ.
579 3845 651 3906 tectis,
663 3848 727 3896 Rau.
737 3847 855 3897 Rachett.
867 3847 893 3894 in
903 3845 1022 3909 peinturer
1033 3845 1140 3907 andquee
1151 3843 1249 3892 ineditae

130 3931 159 3981 p.
172 3919 230 3967 373.
253 3918 291 3966 At
306 3932 330 3966 v.
342 3917 467 3968 Weleker.
484 3917 511 3964 in
527 3916 607 3964 diurn.
625 3915 699 3963 litter.
716 3915 821 3964 Halens.
836 3918 908 3965 1336.
925 3918 1037 3962 1111184.
1053 3928 1078 3975 p.
1091 3918 1148 3962 239.
1165 3919 1190 3960 et
1200 3913 1250 3960 Le·

130 3994 220 4035 monn.
241 3981 370 4047 appendice
381 4000 430 4032 aua
442 3981 519 4032 lettres
531 3980 587 4030 d'un
599 3980 735 4043 antiquaire
746 3986 840 4045 p.·lll.
859 4021 890 4028 -
909 3979 1029 4039 iubente.
1052 3977 1124 4039 iuvat,
1137 3980 1190 4028 Td.
1213 3978 1248 4026 iir-

130 4058 200 4110 vant,
214 4051 315 4101 Thuan.
328 4066 367 4114 ap.
380 4051 487 4101 Salmas.
508 4090 539 4098 ..
563 4048 609 4097 emi
621 4047 740 4109 testudine,
752 4064 791 4097 ar.
815 4045 861 4094 erni
872 4045 1013 4106 testudinem,
1029 4040 1058 4106 β.
1082 4047 1249 4093 1111111111-

131 4116 199 4179 dine,
216 4119 290 4182 Tdr.
318 4133 352 4165 em
369 4133 381 4164 e
399 4116 525 4178 testudine,
543 4118 588 4166 lib.
603 4117 713 4179 optimus
729 4131 769 4179 ap.
784 4115 891 4165 Salmas.
907 4128 988 4162 exere.
1004 4128 1028 4177 p.
1042 4119 1099 4163 296.
1111 4113 1135 4161 b.
1145 4113 1189 4173 A,
1205 4112 1250 4175 'qui

129 4187 263 4248 etelsgit.
1247 4207 1250 4212 -

167 4251 182 4312 ξ
196 4258 255 4303 234.
273 4252 420 4317 capitatur.
438 4249 528 4314 eopitet,
541 4244 613 4312 ᾱβγ.
