2754 4726
290 330 359 377 ura.
375 330 477 376 xvru.
511 330 589 377 car.
605 331 704 378 xxvi.
721 330 834 377 xxvn.
863 329 962 378 sacr.
977 333 1009 377 ce.
1024 334 1056 377 er.
1176 315 1237 379 201

114 480 198 546 alitis
221 480 432 567 temporariae
453 502 550 564 quam
573 480 720 545 cuculum
743 491 872 559 vocant;
901 481 1041 547 dedecus
1069 483 1154 547 enim
1179 482 1237 546 ha-

113 581 209 648 betur
230 580 502 668 opprobriumque
524 581 673 646 meritum
694 582 808 647 falcem
829 582 870 647 ab
892 582 947 647 illa
968 584 1098 649 volucre
1117 582 1152 648 in
1173 583 1238 648 vite

114 682 322 770 deprehendi,
344 693 381 747 ut
402 684 443 749 ob
466 682 500 747 id
522 681 717 769 petulantiae
742 683 825 747 sales
847 682 943 747 etiam
957 705 1031 748 cum
1045 684 1149 770 primo
1163 706 1239 750 vere

113 778 278 860 ludantur3
300 783 446 870 auspicio
462 794 568 848 tamen
583 782 788 849 detestabiles
804 784 964 848 videntur.
986 783 1080 849 Adeo
1095 783 1238 849 minuma
1251 800 1302 848 aaa

114 906 241 971 quaque
262 885 297 950 in
319 906 398 968 agro
419 883 617 949 naturalibus
641 883 810 948 trahuntur
837 885 1048 971 argumentis,
1084 883 1239 950 Extremo

114 995 221 1051 autem
242 984 303 1050 hoe
325 994 467 1070 tempore
487 984 594 1070 panici
616 985 746 1068 milique
769 984 849 1050 satio
872 995 936 1063 est;
959 984 1079 1050 iustum
1099 984 1161 1050 hoc
1175 983 1239 1050 seri

115 1096 273 1150 maturato
300 1084 431 1151 hordeo.
465 1085 574 1170 Atque
596 1086 694 1151 etiam
713 1086 746 1150 in
771 1086 882 1151 eodem
904 1108 982 1152 arvo
1004 1085 1133 1173 signum
1153 1084 1239 1151 illius

114 1187 290 1252 maturitati
312 1186 484 1251 ethorum
505 1185 620 1251 sationi
649 1209 815 1266 conmune,
842 1187 986 1252 lucentes
1014 1209 1151 1272 vespere
1180 1207 1240 1273 per

116 1307 192 1349 arva
207 1284 398 1362 cicindelae;
419 1287 466 1351 ita
480 1286 644 1373 appellant
658 1287 770 1353 rustici
786 1289 941 1353 stellantis
962 1289 1096 1365 volatus,
1119 1284 1239 1352 Graeci

116 1408 193 1452 vero
213 1387 422 1473 lampyridas,
445 1386 625 1454 incredibili
645 1388 844 1474 benignitate
866 1399 1012 1453 naturae.

157 1485 310 1554 XXVII.
327 1488 379 1554 67.
394 1488 465 1553 Iam
481 1488 631 1574 vergilias
644 1488 679 1552 in
695 1490 782 1555 eaelo
797 1489 948 1555 notabilia
963 1500 1092 1555 caterva
1102 1487 1237 1563 feceram
1251 1501 1299 1551 aar

115 1609 180 1652 non
201 1598 307 1653 tamen
326 1588 377 1653 his
399 1599 549 1655 contenta
569 1589 730 1655 terrestris
743 1591 819 1654 feeit
834 1590 912 1655 alias
927 1589 1027 1656 veluti
1041 1588 1238 1654 vociferans:

117 1710 176 1752 cur
206 1688 331 1755 caelum
362 1690 496 1756 intueris
525 1691 687 1779 agricola?
720 1713 777 1756 cur
808 1692 913 1757 sidera
940 1691 1069 1775 quaeris
1096 1688 1239 1754 rustice?

115 1789 179 1854 iam
209 1802 240 1856 te
267 1790 411 1857 breviore
441 1813 552 1856 somno
579 1792 699 1856 fessum
725 1802 876 1877 premunt
904 1803 1025 1858 noctes.
1062 1789 1151 1856 Ecce
1180 1788 1240 1855 tibi

114 1889 197 1955 inter
217 1890 333 1957 herbas
355 1902 427 1957 tuas
450 1914 567 1980 spargo
588 1891 759 1978 peculiaris
782 1893 889 1958 stellas
910 1915 1029 1976 easque
1050 1913 1187 1977 vespera
1207 1901 1240 1954 et

115 1988 156 2053 ab
178 2011 277 2077 opere
299 1991 495 2078 disiungenti
517 1992 651 2058 ostendo
673 2014 722 2071 ac,
745 2014 786 2057 ne
808 1991 915 2079 possis
929 1992 1117 2079 praeterire,
1139 1990 1238 2056 mira-

114 2090 188 2155 culo
211 2091 355 2158 sollicito.
378 2092 523 2160 Videsne
545 2104 582 2159 ut
596 2094 704 2180 fulgor
718 2093 787 2182 igni
802 2093 913 2159 similis
927 2095 1052 2158 alarum
1066 2114 1241 2178 conpressu
1252 2105 1302 2152 959

115 2201 244 2277 tegatur
265 2215 439 2280 secumque
460 2196 565 2261 lucem
585 2194 701 2260 habeat
724 2205 755 2259 et
777 2196 890 2260 nocte?
922 2195 1009 2261 Dedi
1037 2193 1096 2260 tibi
1122 2193 1240 2260 herbas

113 2289 264 2358 horarum
293 2292 415 2360 indices
442 2306 490 2374 et,
523 2306 559 2361 ut
586 2318 627 2361 ne
650 2296 714 2361 sole
737 2296 866 2379 quidem
888 2296 999 2362 oculos
1020 2306 1092 2363 tuos
1114 2320 1133 2361 a
1155 2307 1240 2362 terra

37 2406 42 2411 “
114 2415 245 2472 avoces,
278 2394 504 2482 heliotropium
539 2419 577 2463 ac
607 2397 756 2481 lupinum
785 2398 1046 2485 circumaguntur
1073 2421 1146 2464 cum
1174 2398 1238 2463 illo.

46 2588 49 2593 ι
117 2489 186 2560 Cur
218 2495 393 2563 etiamnum
426 2498 522 2565 altius
555 2509 682 2584 spectas
715 2498 885 2585 ipsumque
918 2501 1042 2565 caelum
1075 2499 1239 2565 scrutare?

115 2684 203 2735 Dalae.
223 2725 254 2735 ..
273 2685 432 2753 temporariae
444 2703 522 2751 quiam,
536 2689 609 2738 Tad.
628 2687 767 2752 temporarii
776 2704 851 2752 qiam,
863 2688 968 2737 Barbar.
980 2683 1010 2748 β.
1030 2728 1060 2736 -
1080 2686 1238 2750 obprobrium·
1275 2681 1278 2685 ’

115 2767 166 2814 qna,
178 2769 201 2803 a.
220 2794 253 2804 ..
272 2752 383 2811 atotid,
395 2755 420 2803 d.
438 2756 500 2804 etot
512 2753 545 2816 id,
558 2757 609 2805 Ta.
629 2797 660 2805 -
678 2754 750 2817 colea,
762 2771 784 2804 a.
798 2748 905 2823 sslsalca
918 2758 942 2805 d.
960 2753 1018 2816 ates,
1031 2756 1062 2804 T.
1084 2794 1114 2802 -
1137 2751 1239 2802 laadan

116 2826 162 2881 tur,
172 2821 250 2871 Tad.
268 2862 299 2871 ..
318 2820 582 2885 cuspite-videntur,
594 2838 645 2872 om.
657 2822 725 2873 Pint.

147 2905 234 2969 §aaa
260 2920 359 2968 qaoque,
371 2923 394 2956 a.
412 2922 527 2971 quaeqae,
540 2902 612 2972 dssr.
626 2948 656 2958 ..
675 2907 760 2956 iustam
772 2905 822 2968 loc,
835 2908 902 2958 Tar.
920 2906 1005 2955 iustam
1018 2914 1053 2954 eat
1064 2904 1114 2966 hoc,
1124 2899 1195 2969 ᾱβγ.
1207 2945 1237 2954 ..

116 2968 210 3021 hordeo.
229 2969 310 3034 Atque
327 2972 500 3023 etiam-arvo
515 2973 616 3040 ciprum
628 2976 674 3024 ad.
697 2972 797 3025 tardae:
812 2981 883 3039 amaa
899 2974 1073 3023 etiam-arvo
1089 2980 1124 3021 est
1138 2970 1238 3035 siphum

116 3049 141 3101 r.
156 3036 335 3103 hordoo,otqae
349 3041 528 3091 etiam-arvo.
545 3040 638 3105 Estque
648 3036 788 3106 aquomst.
813 3082 843 3090 -
867 3039 1007 3101 maturitati,
1020 3043 1089 3091 Tdr.
1113 3041 1238 3088 maturita-

118 3110 167 3168 tem,
178 3122 202 3157 a.
219 3105 374 3168 maturitati,
385 3103 415 3170 β.
434 3149 464 3158 -
483 3108 578 3170 ardori,
590 3110 680 3160 Tadr.
698 3107 806 3171 satana,
817 3103 846 3170 β.
865 3149 897 3157 ..
915 3105 1076 3171 appellabant,
1089 3123 1112 3157 a.

147 3187 164 3249 ς
176 3194 234 3241 stt.
261 3187 306 3253 lia,
319 3205 370 3240 om.
382 3193 406 3241 d.
425 3231 456 3241 ..
475 3191 573 3242 intuenti
584 3200 610 3242 et
621 3191 726 3255 quaero,
736 3208 756 3243 r.
780 3190 894 3240 intucaris
906 3200 931 3240 at
942 3206 1054 3254 queam,
1066 3186 1166 3255 adssm
1178 3206 1239 3242 con·

117 3255 231 3307 irretiris
242 3271 346 3322 prorsas
356 3259 444 3309 nullus
455 3259 535 3310 locas.
553 3259 605 3320 Qui
616 3275 675 3309 vero
687 3267 770 3309 totum
780 3259 849 3309 hane
857 3259 944 3309 locum
953 3261 1104 3319 considerat,
1116 3275 1169 3308 non
1180 3269 1239 3324 pot·

109 3323 163 3373 «erit
176 3325 388 3376 uenerationem
404 3340 552 3389 agnoscere,
570 3341 635 3390 quaa
652 3335 705 3376 tam
721 3342 737 3376 a
752 3327 852 3390 vulgari
864 3328 978 3376 omniurn
991 3327 1142 3390 scriptorum
1154 3329 1238 3378 soluto

118 3405 231 3441 samone
242 3393 377 3454 utentium,
389 3408 467 3456 qnam
479 3411 495 3444 a
506 3395 625 3445 Pliniana
636 3395 796 3457 aliquantam
808 3397 915 3445 recedat.
933 3396 968 3445 Et
980 3397 1050 3458 quod
1061 3395 1123 3445 alibi
1136 3410 1238 3459 quoqne

118 3456 226 3509 Plinium
237 3458 330 3509 fecisse
342 3462 444 3522 seimus,
456 3468 486 3511 at
496 3469 629 3525 poetaram
640 3462 718 3512 verba
729 3463 863 3526 paululum
874 3463 979 3513 traiecta
989 3464 1031 3512 rel
1040 3463 1173 3513 immutata
1182 3477 1239 3513 ora·

119 3524 179 3575 tioni
189 3541 251 3577 suaa
262 3527 384 3577 insereret
399 3525 491 3591 (praef.
505 3534 528 3578 1.
542 3534 582 3590 15,
596 3533 644 3589 ta,
655 3530 699 3580 abi
710 3545 734 3578 r.
747 3531 870 3590 adnotat,
884 3535 923 3591 18,
936 3528 1016 3591 200),
1028 3531 1056 3579 id
1068 3531 1118 3579 hoc
1136 3544 1240 3593 quoque

118 3590 172 3642 laco
186 3595 222 3644 ab
238 3608 271 3643 aa
287 3592 384 3644 factum
396 3609 451 3645 esse
463 3596 590 3646 existimo.
616 3597 702 3646 Paene
713 3597 782 3647 ultro
793 3599 879 3661 prodit
889 3598 939 3646 hoc
951 3598 1079 3647 distichon
1090 3597 1180 3647 incerti
1191 3598 1239 3646 ali·
1259 3645 1269 3651 .

119 3659 186 3710 cuius
196 3669 296 3724 poetae,
309 3662 353 3725 qai
364 3663 392 3712 in
403 3664 513 3712 carmine
525 3664 611 3727 aliquo
623 3664 725 3725 rustico,
738 3665 824 3727 qualia
835 3666 902 3715 Plin.
914 3667 1047 3716 condendo
1057 3679 1104 3714 suo
1114 3665 1184 3728 operi
1193 3666 1238 3715 ad·

119 3724 198 3778 hibuit
208 3725 263 3790 (re,
279 3725 357 3791 lta),
370 3731 417 3779 has
429 3730 565 3780 cicindelae
577 3739 831 3782 commemoraverat:

270 3792 320 3844 Gar
331 3795 429 3858 coslam,
441 3796 556 3861 oprimis,
568 3794 685 3848 taratra?
694 3813 737 3846 car
747 3797 828 3847 sidero
840 3800 943 3862 quaeris,

301 3861 418 3912 Raetica?
425 3863 480 3913 Iam
491 3880 570 3913 somno
582 3872 603 3912 ta
615 3865 720 3915 breviare
727 3874 837 3930 premant

265 3929 405 3993 Desertam
416 3939 500 3981 noctes.
518 3973 551 3982 ..

120 3992 188 4056 tram,
198 3997 230 4047 Τ.
248 4037 282 4047 ..
300 3997 443 4060 spaeram,
454 4015 474 4048 r.
495 4040 525 4048 -
543 4015 649 4063 vespera
662 4001 708 4049 ad.
727 4016 829 4065 vespere,
839 3996 869 4061 β.
883 4042 912 4050 -
934 4000 1077 4065 dr'aiaapaat,
1089 4001 1121 4049 D.
1136 4040 1165 4050 -
1182 4017 1237 4065 pos-

10 4056 14 4113 i
118 4059 213 4123 daed.
226 4062 345 4128 possita
366 4065 423 4118 Om.
437 4067 467 4117 Τ.
487 4108 517 4116 -
536 4065 653 4130 mamati,
665 4084 684 4116 r.
710 4108 731 4116 ..
753 4068 861 4129 sollicito,
873 4071 896 4118 d.
915 4066 1055 4129 sollicitudo,
1067 4083 1106 4118 ar.

148 4147 232 4211 §aaa
258 4164 390 4212 conpressa,
402 4167 425 4201 a.
445 4192 475 4199 ..
493 4150 637 4215 satteqatar,
649 4155 711 4202 adr.
733 4194 762 4202 ..
781 4151 864 4211 Dedit,
877 4169 900 4202 a.
920 4193 951 4202 ..
969 4150 1025 4213 sola,
1038 4154 1054 4202 d
1066 4151 1152 4215 (codd.
1166 4148 1236 4212 Gal.)

116 4221 170 4276 atta,
182 4231 205 4266 a
222 4215 266 4278 aaa,
278 4231 298 4266 r.
311 4256 342 4266 ..
362 4233 436 4278 vocas,
448 4219 492 4268 ad.
508 4230 538 4266 .·
557 4217 690 4282 etiamnum,
705 4222 728 4270 d.
747 4221 873 4280 etiannum,
887 4235 909 4268 a.
928 4219 1066 4280 ettarnauae,
1077 4214 1127 4284 βγ.
1142 4260 1172 4268 -
1193 4234 1235 4283 ρι-Ι

115 4283 208 4345 ettad.
226 4322 260 4334 ..
278 4290 392 4346 murra,
405 4287 449 4335 ad.
467 4284 590 4348 amamria,
601 4280 654 4348 βγ.
