2754 4726
371 310 530 357 marva
559 309 637 357 ear.
654 310 784 375 ΜΗ,
811 308 909 357 saer.
924 309 1006 354 nne.
1210 293 1249 358 15

134 457 221 544 quod
242 458 392 545 pinguior
413 471 463 524 est
483 459 615 543 reliqua
648 457 709 524 Illa
736 458 841 524 omnia
868 458 950 524 liunt
971 480 990 524 e
1011 456 1114 542 pinea,
1142 459 1250 526 resina

133 559 333 626 ferventibus
362 569 472 625 eoaeta
500 557 661 645 lapidibus
688 559 722 623 in
743 557 843 624 alveis
864 558 961 625 validi
984 559 1107 629 roboris
1128 571 1195 638 aut,
1221 559 1248 627 si

131 659 216 726 alvei
237 659 397 737 non-sint,
428 659 525 726 struis
552 659 702 747 oongerie
723 658 813 724 velut
834 658 867 722 in
888 658 1033 724 carbonis
1054 682 1124 725 usu.
1158 658 1295 725 Haedos

130 761 168 824 in
187 758 299 824 vinum
318 758 449 824 additur
468 758 589 823 farinae
609 758 704 823 modo
719 768 825 836 tunsa,
848 757 970 845 nigrior
991 759 1104 825 eolore.
1126 757 1249 824 Eadem

131 850 250 938 resina,
277 859 304 924 si
331 882 405 925 eum
431 881 515 942 aqua
535 859 637 924 levius
658 859 855 942 deeoquatur
877 859 1070 942 edaturque,
1099 860 1172 925 rulo
1194 881 1248 925 oo-

130 962 200 1026 lbre
220 959 366 1025 lentescit
386 981 424 1023 ao
446 958 604 1024 stillaticia
624 969 772 1033 vocatum
802 968 999 1044 seponuntur
1025 970 1132 1024 autem
1154 960 1196 1024 ad
1216 959 1250 1024 id

130 1060 199 1125 sere
227 1060 306 1126 vitia
331 1057 457 1124 resinae
485 1069 667 1142 cortexque.
702 1057 777 1124 Alia
804 1059 973 1145 temperies
999 1060 1042 1123 ad
1068 1062 1248 1146 orapulam;

130 1182 271 1244 namque
292 1160 353 1224 flos
375 1159 493 1224 crudus
513 1159 639 1224 resinae
662 1181 734 1223 oum
755 1158 854 1224 multa
874 1159 981 1224 ossula
997 1160 1082 1225 tenui
1096 1160 1249 1246 brevique
1346 1160 1350 1175 '

132 1259 262 1324 avolsus
291 1259 469 1324 conciditur
494 1258 536 1322 ad
563 1258 703 1323 aribrum
728 1259 859 1337 minuta,
892 1259 966 1325 dein
991 1260 1129 1325 ferventi
1155 1283 1248 1345 aqua,

132 1360 234 1425 donee
256 1371 423 1443 aequatur,
444 1357 656 1445 perfimditur.
678 1357 784 1425 Huius
804 1381 992 1446 expressum
1012 1360 1134 1446 pingue
1154 1384 1248 1447 prae·
1263 1374 1295 1420 ⁵⁶

134 1460 230 1547 oipna
250 1459 359 1524 resina
378 1459 416 1535 fit
442 1469 539 1542 atque
565 1481 638 1523 rara
665 1481 724 1524 neo
749 1459 813 1524 nisi
838 1459 950 1546 paneis
976 1461 1010 1524 in
1034 1460 1113 1525 loeis
1142 1461 1250 1527 subal·

134 1560 231 1645 pinae
252 1559 365 1625 Italiae
388 1559 581 1627 conveniens
603 1558 745 1625 medicis.
772 1559 911 1626 Resinae
932 1559 1024 1626 albae
1045 1559 1196 1648 congium
1215 1560 1250 1626 in

134 1659 261 1726 duobus
289 1681 390 1743 aquae
417 1660 547 1744 pluviae
574 1670 708 1738 eoount3
737 1660 791 1725 alii
812 1660 922 1725 utilius
942 1670 1057 1747 putant
1078 1661 1146 1727 sine
1167 1664 1251 1746 aqria

84 1799 86 1802 <
134 1782 272 1844 eoquere
292 1761 377 1826 lento
399 1760 473 1846 igne
495 1771 561 1824 toto
583 1760 647 1837 die,
669 1759 781 1844 utique
802 1783 880 1828 vase
901 1761 984 1827 aeris
1005 1759 1080 1839 albi,
1102 1761 1180 1827 item
1201 1772 1249 1827 te·

134 1850 348 1926 rebinthinam
369 1860 403 1924 in
425 1860 587 1946 sartagine
608 1859 715 1925 einere
736 1861 880 1938 ferventi,
907 1860 992 1926 bane
1019 1861 1133 1926 ceteris
1154 1883 1249 1947 prae·

133 1959 283 2026 ferentes.
305 1960 471 2025 Proxuma
493 1982 533 2024 ex
554 1959 696 2024 lentisoo.

174 2059 259 2125 XII.
281 2061 333 2126 23.
365 2061 440 2125 Non
462 2059 672 2124 omittendum
699 2059 787 2145 apud
813 2059 940 2125 eosdem
963 2058 1123 2145 zopissam
1142 2062 1295 2128 vocari-u

134 2159 280 2225 derasam
307 2159 443 2226 navibus
470 2159 637 2224 maritimis
663 2159 770 2245 pioem
796 2182 870 2224 eum
892 2181 976 2238 eera,
1002 2157 1082 2225 nihil
1108 2183 1171 2228 non
1193 2185 1250 2228 ex·

132 2259 278 2346 periente
299 2261 377 2338 vita,
404 2262 565 2344 multoque
594 2259 804 2325 efficaciorem
833 2260 876 2324 ad
896 2260 1002 2325 omnia
1023 2259 1140 2344 quibus
1160 2261 1249 2348 piees

132 2361 324 2444 resinaeque
352 2370 498 2447 prosunt,
530 2359 678 2424 videlieet
705 2360 829 2425 adieeto
862 2360 937 2425 salis
963 2360 1053 2427 ealle.
1096 2360 1250 2447 Aperitur
1262 2374 1293 2422 ⁵⁷

42 2477 48 2485 ·
132 2460 226 2547 picea
252 2482 271 2525 e
298 2471 392 2546 parte
421 2459 516 2525 solari
542 2481 607 2524 non
627 2460 733 2547 plaga,
763 2459 821 2525 sed
843 2459 971 2526 volnere
993 2459 1090 2526 ablati
1111 2461 1248 2539 cortinis,
1300 2524 1301 2528 ,

131 2582 206 2625 oum
227 2558 423 2647 plurumum,
445 2559 586 2646 bipedali
606 2558 695 2624 hiatu
716 2569 753 2624 ut
773 2582 794 2624 a
815 2570 899 2624 terra
913 2559 1030 2638 eubito,
1051 2582 1123 2625 oum
1143 2561 1248 2625 minu·

131 2683 221 2724 mum
242 2659 337 2726 absit.
359 2659 428 2724 Neo
450 2660 576 2745 corpori
596 2659 659 2745 ipsi
680 2659 821 2745 pasoitur
842 2670 878 2723 ut
897 2660 931 2722 in
952 2659 1077 2749 ueteris,
1098 2660 1248 2743 quoniam

132 2760 242 2826 assula
268 2761 302 2824 in
329 2759 439 2825 fructu
465 2769 533 2838 est3
566 2781 678 2825 rerum
697 2758 777 2825 haee
798 2781 955 2845 proxuma
975 2759 1135 2836 laudatur,
1156 2759 1249 2824 altior

130 2861 380 2926 amaritudinem
402 2859 515 2925 adfert.
546 2858 665 2925 Postea
693 2881 785 2926 umor
811 2860 916 2926 omnis
937 2881 955 2924 e
977 2868 1042 2924 tota
1062 2857 1195 2924 confluit
1213 2859 1247 2924 in

131 3033 252 3084 Schneid.
265 3033 283 3080 l.
294 3033 312 3082 L
323 3048 349 3096 p.
362 3038 419 3083 ³28.
431 3033 490 3082 ooll.
502 3048 528 3096 p.
540 3038 597 3082 324.
615 3033 682 3082 Mihi
694 3033 853 3082 scribendum
864 3032 962 3080 videtur
973 3038 996 3078 et
1006 3029 1097 3092 eps'ceo
1108 3018 1167 3082 ooll.
1178 3031 1193 3094 ξ
1207 3037 1246 3086 57.

134 3140 168 3148 -
178 3098 336 3162 ferventibus,
348 3100 393 3150 ad.
403 3099 510 3164 faveat,
521 3114 541 3148 r.
560 3139 591 3148 -
609 3105 699 3159 coacta,
715 3092 803 3149 θεᾶν.
821 3104 894 3160 orata,
904 3098 1007 3147 Barbas.
1019 3092 1071 3162 βγ.

167 3183 182 3245 5
195 3189 235 3232 54.
260 3181 347 3244 vinam,
359 3185 384 3232 d.
402 3183 497 3246 fimum,
509 3197 532 3231 a.
551 3220 583 3230 ..
601 3180 701 3244 surina,
713 3195 736 3228 a.
754 3220 785 3231 ..
810 3179 948 3244 coleturque,
960 3198 983 3232 a
1008 3198 1060 3245 que,
1072 3185 1096 3232 d.
1115 3223 1146 3232 ..
1169 3183 1204 3233 ud
1214 3183 1247 3246 s'd,

136 3240 256 3298 OTadr.
275 3247 300 3296 ia
312 3247 345 3311 td,
356 3245 385 3311 β.
404 3289 436 3298 ..
454 3247 542 3308 resina,
554 3263 577 3296 a.
595 3254 661 3295 veturs
672 3245 758 3308 resina,
769 3247 848 3299 Haud
861 3263 875 3298 e
887 3248 987 3300 Colum.
998 3249 1061 3302 XII.
1073 3256 1114 3311 2³,
1128 3257 1150 3301 1.
1169 3293 1200 3302 ..
1217 3268 1248 3300 ac

130 3314 242 3431 5566
255 3313 441 3432 w
453 3311 603 3443 565666
614 3314 924 3435 al·
937 3323 1029 3434 655·
1039 3315 1121 3436 le
1143 3316 1246 3434 pa

131 3398 319 3499 brlmfldslllta
330 3398 477 3510 ‹1erde
486 3395 681 3498 clembdebds
691 3448 789 3509 mitrata,
799 3399 842 3501 Ru
850 3418 885 3497 all
895 3399 999 3499 oiubrrlbnl
1007 3400 1129 3500 albulam.
1143 3402 1246 3512 David:

128 3516 221 3566 Daleo.
241 3512 348 3566 Ονῶνυω
359 3524 399 3567 est
408 3517 540 3580 genetivus
551 3516 664 3580 pluralis.
673 3557 705 3566 -
718 3513 779 3578 dein,
790 3521 851 3567 adr.
868 3514 959 3578 danda
970 3512 1021 3581 βγ.
1032 3558 1063 3568 ..
1076 3527 1210 3582 coquantur,
1221 3535 1245 3571 a.

167 3597 234 3658 §aa
253 3606 307 3661 toto,
319 3602 364 3650 ad.
383 3607 438 3660 tritu,
449 3595 499 3663 βγ.
512 3639 543 3648 -
561 3598 661 3662 ambas,
672 3600 727 3650 Kd.
738 3640 771 3650 ..
789 3599 918 3664 cartuqr'tss,
929 3603 973 3650 ad.
990 3607 1067 3660 carta,
1076 3602 1107 3651 T.
1119 3642 1151 3651 ..
1170 3601 1246 3651 oiaers

126 3665 286 3795 {ergata-I*
292 3662 687 3793 &arfinan-tizffihnldendum
703 3667 730 3716 in
747 3667 787 3716 his
802 3682 842 3715 vv.
857 3666 936 3717 latare
951 3674 1024 3731 putat
1039 3667 1184 3719 Schneider.
1196 3670 1213 3720 l.
1226 3671 1245 3720 l.

167 3817 181 3878 5
195 3821 235 3866 55.
253 3815 379 3879 ιορὺεαηι,
389 3816 491 3866 Barbar.
509 3815 637 3879 mappam,
649 3816 693 3865 ad.
710 3816 743 3864 V.
756 3816 872 3866 Dioscor.
887 3821 909 3876 l,
922 3820 961 3865 98.
982 3856 1012 3865 -
1030 3832 1093 3879 esra,
1103 3818 1207 3869 Barbar.
1220 3823 1243 3870 d

130 3889 218 3943 seara,
230 3898 253 3932 a.
272 3923 304 3932 ..
322 3881 446 3946 multoque,
458 3898 481 3932 a.
498 3880 578 3944 multo,
590 3877 662 3946 ᾶβγ.

167 3967 234 4029 557.
249 3965 404 4030 prioreparte,
416 3983 439 4018 a.
451 3963 783 4030 v.Th00phr.1.1.1x.a‚
798 3971 819 4015 1.
838 4005 869 4015 ..
888 3962 991 4026 velnae,
1003 3981 1026 4015 a.
1038 4007 1069 4016 ..
1088 3965 1141 4015 Nec
1152 3968 1247 4031 corpori

129 4033 190 4095 rel.;
207 4034 272 4083 nihil
289 4035 321 4083 de
337 4034 364 4083 h.
379 4035 397 4084 l.
413 4034 504 4083 vitioso
521 4035 653 4083 decernere
664 4032 740 4083 audet
751 4032 895 4084 Schneider.
907 4034 939 4082 ad
952 4033 1081 4098 Theophr.
1094 4034 1152 4084 hist.
1164 4036 1243 4098 plant.

130 4100 181 4151 lx.
199 4105 223 4162 Β,
241 4106 264 4150 1.
282 4115 307 4165 p.
326 4104 381 4151 714.
405 4124 445 4150 ..-
459 4115 505 4148 noa
521 4106 548 4148 at
562 4098 599 4160 ia,
616 4099 704 4148 Dalee.
722 4138 754 4148 ..
777 4096 870 4160 maula,
883 4100 972 4149 Dalee.
995 4099 1086 4161 aetolo,
1102 4096 1192 4166 adstr.
1211 4142 1242 4151 ..

129 4182 213 4215 aanor
225 4166 258 4227 ia,
269 4167 359 4218 Dalee.
373 4207 403 4216 ..
419 4164 483 4228 laec,
495 4169 531 4217 ad
543 4163 612 4228 (libn'
624 4166 714 4230 optimi
725 4182 765 4230 ap.
778 4165 885 4218 Salmas.
898 4181 978 4216 exere.
990 4183 1015 4231 p.
1025 4171 1082 4218 356.
1094 4184 1116 4218 a.
1126 4165 1168 4230 F.)
1186 4168 1244 4217 lasa

130 4241 217 4294 arrae,
233 4228 283 4299 fir·
