2754 4726
157 290 196 352 14
503 302 705 348 nsruasnrs
728 300 922 348 nrsrorusa

155 467 207 519 tur
215 479 224 530 ;
248 455 306 518 sed
327 453 411 517 idem
426 454 526 518 solum
541 451 733 535 ubicumque
748 451 883 516 arduum
896 471 1005 536 opere,
1027 448 1155 515 difficile
1169 450 1268 527 cultu,

154 555 246 620 bonis
268 555 334 618 suis
356 553 460 617 acrius
482 574 584 637 paene
605 574 699 637 quam
723 553 810 616 vitiis
824 563 934 636 posset
948 549 1073 636 adfligit
1086 550 1269 638 agricolans

154 655 198 718 Et
219 654 441 731 carbunculus,
464 675 546 736 quae
562 664 646 718 terra
659 653 702 716 ita
725 663 868 729 vocatur,
892 650 1054 716 emendari
1077 651 1141 715 vite
1162 673 1332 718 macras-
1376 686 1377 689 ¹

154 755 299 833 videtur3
327 778 400 820 nam
429 756 514 820 tofus
541 755 653 819 scaber
679 775 716 817 ao
743 752 878 818 friabilis
899 751 1058 838 expetitur
1079 772 1209 835 quoque
1228 751 1271 817 ab

154 856 348 923 auctoribus.
371 855 537 943 Vergilius
559 865 590 918 et
611 876 693 937 quae
716 854 842 919 felicem
863 854 943 919 ferat
964 875 1028 917 non
1049 851 1201 938 inprobat
1220 851 1270 917 vi-

156 955 258 1033 tibus3
283 958 447 1040 salsaeque
471 966 574 1019 terrae
595 954 695 1018 multa
716 955 830 1019 melius
853 954 1027 1019 creduntur
1048 952 1165 1017 tutiora
1186 977 1206 1018 a
1220 953 1269 1019 vi·

154 1056 207 1121 tiis
234 1056 462 1121 innascentium
482 1054 675 1119 animalium.
708 1053 777 1119 Nec
805 1056 900 1120 eolles
922 1076 1019 1140 opere
1040 1053 1214 1132 nudantur,
1242 1054 1270 1121 si

154 1156 226 1238 quis
248 1157 349 1240 perite
372 1156 490 1231 fodiat,
512 1178 571 1220 nec
592 1156 697 1240 campi
719 1178 828 1221 omnes
850 1156 956 1220 minus
979 1155 1061 1219 soles
1075 1165 1175 1238 atque
1195 1176 1269 1240 per·

154 1257 248 1321 flatus
270 1279 367 1341 quam
389 1279 470 1342 opus
493 1257 534 1320 sit
555 1257 729 1341 accipiunt;
763 1270 796 1321 et
823 1258 979 1340 quasdam
1006 1255 1130 1341 pruinis
1151 1277 1191 1318 ac
1211 1278 1268 1321 ns-

154 1356 238 1422 bulis
259 1359 347 1442 pasci
369 1357 508 1422 diximus
531 1357 614 1422 vitis.
648 1355 801 1422 Omnium
823 1380 931 1422 rerum
958 1368 1032 1422 sunt
1057 1356 1216 1440 quaedam
1235 1355 1270 1420 in

155 1458 219 1522 alto
241 1472 364 1524 secreta
385 1471 417 1524 ct
439 1482 497 1523 suo
519 1459 635 1542 cuique
649 1459 745 1524 corde
759 1459 966 1544 pervidenda.
989 1455 1079 1537 Quid
1096 1457 1184 1541 quod
1197 1480 1268 1521 mu·
1281 1478 1333 1521 ew

155 1569 263 1623 tantur
285 1581 379 1645 saepe
401 1559 541 1625 iudicata
563 1580 689 1644 quoque
712 1570 745 1624 et
768 1560 824 1623 diu
845 1560 1018 1643 conperta?
1043 1558 1083 1623 In
1104 1556 1270 1625 Thessalia

156 1660 239 1724 cirea
261 1661 408 1724 Larisam
431 1661 546 1726 emisso
567 1661 640 1723 lacu
661 1660 806 1746 frigidior
827 1661 912 1725 facta
932 1664 971 1725 e'a
991 1660 1082 1746 regio
1100 1669 1149 1724 est
1161 1659 1268 1724 oleae-

156 1781 225 1842 que
240 1760 405 1824 desierunt
426 1782 509 1843 quae
531 1760 621 1844 prius
636 1760 777 1838 fuerant3
800 1762 877 1825 item
891 1761 966 1826 vitis
980 1760 1083 1836 aduri,
1104 1758 1193 1843 quod
1205 1781 1270 1824 non

156 1870 258 1937 antea,
281 1861 390 1926 Aenos
413 1862 515 1925 sensit
536 1861 665 1925 admoto
687 1861 818 1938 Hebr03
853 1874 886 1927 et
908 1863 992 1928 circa
1012 1860 1181 1947 Philippos
1200 1860 1269 1945 qul·

157 1974 229 2027 tura
252 1963 370 2028 siccata
392 1964 481 2049 regio
502 1963 637 2028 mutavit
659 1964 737 2027 caeli
759 1962 912 2027 habitum.
941 1963 989 2026 At
1008 1962 1043 2026 in
1067 1960 1270 2046 Syracusano

156 2085 235 2149 agro
256 2065 381 2128 advena
403 2064 504 2129 cultor
526 2063 685 2147 elapidato
708 2066 774 2129 solo
796 2064 936 2150 perdidit
950 2064 1054 2150 frugis
1068 2063 1147 2138 luto,
1170 2062 1271 2128 donec

119 2218 120 2221 ,
155 2164 292 2246 regessit
320 2164 459 2248 lapideas
493 2164 526 2226 in
550 2160 646 2246 Syria
672 2163 775 2228 levem
797 2165 885 2229 tenui
908 2166 995 2229 sulco
1015 2163 1194 2249 inprimunt
1214 2183 1271 2226 vo·

156 2284 285 2340 merem,
312 2263 388 2346 quia
410 2261 521 2327 subest
542 2286 655 2327 saxum
679 2287 814 2329 exurens
837 2275 959 2330 aestate
982 2266 1110 2330 semina.
1146 2262 1217 2328 Iam
1237 2262 1313 2327 insi

156 2361 348 2446 quibusdam
368 2364 447 2429 loeis
470 2364 581 2430 similis
603 2375 709 2430 aestus
730 2367 880 2432 inmodici
902 2377 933 2431 ct
955 2367 1112 2454 frigorum
1126 2365 1270 2430 effectus.

157 2462 220 2527 Est
247 2464 359 2528 fertilis
381 2464 520 2529 Thracia
550 2466 682 2552 frugum
703 2466 820 2552 rigore,
849 2467 991 2532 aestibus
1011 2468 1126 2531 Africa
1148 2476 1180 2530 et
1203 2464 1271 2529 Ae·

156 2575 287 2649 gyptus.
321 2564 361 2628 In
384 2563 517 2630 Chalcia
538 2564 738 2633 Rhodiorum
765 2568 870 2633 insula
895 2569 985 2633 loeus
1011 2566 1142 2652 quidam
1167 2565 1272 2632 estin

1258 2694 1274 2720 Q

74 2834 79 2841 „
103 2832 105 2837 ,
157 2773 183 2820 h.
195 2773 213 2821 1.
225 2780 250 2821 et
261 2779 285 2833 8,
299 2778 338 2822 60.
358 2778 397 2833 18,
413 2777 469 2822 111.
482 2775 581 2823 codices
592 2774 620 2823 in
628 2774 750 2837 scriptura
758 2773 844 2823 Labor.
854 2790 936 2838 neque
944 2773 1034 2823 Labor.
1045 2774 1273 2834 consentiuntuisi

157 2843 226 2903 quod
242 2846 279 2898 18,
294 2846 357 2899 111,
370 2840 413 2888 ubi
425 2840 464 2888 bis
476 2839 599 2893 Leboriae
611 2849 850 2900 commemorantur,
868 2845 951 2892 codex
968 2858 983 2890 a
995 2843 1073 2890 semel
1085 2842 1152 2890 hanc
1164 2842 1272 2905 scriptu-

157 2921 210 2954 ram
222 2907 319 2967 retinet,
331 2909 424 2970 ubique
436 2908 552 2956 codicum
564 2909 713 2970 scripturam
724 2909 893 2971 recipiendam
905 2924 1003 2959 censeo.
1030 2909 1170 2972 Vulgatam
1187 2915 1273 2958 tamen
1348 2942 1357 2948 ‚

157 2975 306 3037 scripturam
318 2986 415 3025 mutare
427 2991 479 3024 nou
495 2991 550 3026 sum
563 2990 646 3034 ausus,
660 2985 688 3024 ut
700 2991 764 3039 quae
775 2977 879 3026 nomine
890 2978 961 3027 illins
972 2984 1053 3026 terrae
1065 2977 1190 3027 hodierno
1201 2991 1272 3033 com·

157 3042 269 3090 mandari
280 3043 400 3092 videatur.
422 3043 477 3092 Alii
489 3043 620 3106 scriptores
633 3043 685 3093 eius
697 3045 852 3093 mentionem
864 3059 917 3092 non
929 3043 1033 3093 faciunt
1057 3083 1087 3092 -
1115 3041 1186 3104 idem,
1199 3044 1272 3094 codd.

157 3107 215 3158 Gel.
233 3106 266 3168 id,
278 3110 332 3158 Td.
349 3109 378 3167 is,
390 3127 413 3161 a.
432 3152 462 3160 .-
482 3107 589 3173 difficile,
603 3112 674 3159 codd.
688 3110 744 3161 Get
762 3109 864 3175 difficili,
876 3112 920 3159 ad.
941 3152 971 3160 ..
990 3109 1077 3174 parcit.
1094 3109 1197 3175 Affinis
1206 3106 1272 3176 ayri-

157 3173 232 3222 colam
241 3181 263 3220 et
274 3175 434 3237 carbunculus,
447 3179 520 3227 codd.
532 3179 646 3227 Barbari.

192 3239 206 3298 §
220 3246 260 3288 29.
287 3257 347 3301 quae
360 3250 431 3301 terrra
444 3245 509 3294 Tad
521 3243 608 3306 (codd.
620 3243 746 3307 Barbari).
760 3254 823 3294 terro
834 3261 903 3308 quae,
913 3246 986 3294 codd.
997 3243 1055 3294 Gel.
1064 3240 1116 3308 βγ.
1128 3246 1188 3310 „Has
1197 3259 1274 3294 voees

158 3322 216 3355 curn
228 3307 324 3356 duabus
336 3311 498 3370 sequentibus
510 3313 612 3360 damnat
623 3313 690 3361 Pint.
711 3353 735 3360 -
757 3321 877 3372 vocantur,
890 3329 912 3361 a.
927 3353 957 3360 -
976 3309 1076 3372 videtur,
1091 3305 1168 3363 θΤᾱ.
1187 3319 1273 3372 πίθων,

158 3392 180 3423 a.
201 3381 309 3436 putatur,
326 3377 398 3423 codd.
416 3375 472 3425 Gel.
484 3371 535 3439 βγ.
560 3417 590 3424 -
617 3379 709 3436 scaber,
721 3380 818 3441 Vergil.
831 3395 917 3442 georg.
929 3385 953 3438 2,
967 3383 1024 3428 214.
1051 3387 1125 3441 satur,
1147 3373 1273 3430 derw.

157 3448 249 3499 satura,
263 3455 285 3488 a.
309 3481 339 3488 ..
363 3457 400 3501 ae,
416 3434 563 3491 OTadr¹².
590 3451 684 3501 natura,
696 3440 747 3508 βγ.
770 3487 801 3494 -
820 3445 1055 3507 Ῑνίαὸίίιζε,ΒατΙ)αι·.
1068 3448 1121 3496 Td.
1140 3445 1273 3509 fricabflfs,

160 3502 256 3558 dare.
280 3549 310 3556 ..
338 3508 510 3567 uctorzbua,a¹.
536 3549 566 3556 -
596 3509 713 3572 Veryiliaa
724 3526 808 3575 georg.
822 3519 846 3573 2,
860 3519 916 3562 189.
940 3555 971 3562 -
989 3512 1096 3576 felicem,
1107 3515 1152 3563 ad.
1171 3513 1274 3576 filicem,

158 3571 209 3638 βγ.
232 3577 265 3625 V.
279 3576 380 3625 Mulier.
392 3578 425 3625 ad
436 3578 503 3625 Fest.
516 3591 540 3638 p.
555 3582 594 3626 86.
607 3585 632 3624 et
643 3577 761 3640 Wagner.
775 3580 886 3642 orthogr.
898 3581 996 3643 Vergil.
1008 3597 1032 3644 p.
1046 3587 1103 3631 488.
1121 3621 1152 3630 ..
1177 3580 1274 3640 tatium,

159 3646 202 3692 ad.
223 3643 324 3702 tiacora,
336 3644 368 3692 D.
389 3643 466 3703 atior,
479 3643 586 3693 Salmas.
600 3659 682 3693 exerc.
692 3661 716 3709 p.
730 3653 769 3696 81.
782 3663 804 3696 a.
816 3647 850 3701 A.
869 3689 900 3696 -
923 3665 946 3704 a,
960 3650 1041 3698 omitt.
1053 3649 1129 3698 Dad.
1148 3689 1179 3699 ..
1204 3647 1275 3705 codes

159 3726 219 3758 vano
232 3726 307 3771 opere,
319 3712 351 3760 K.
370 3751 401 3758 ..
422 3708 627 3772 periteffodiat,a.
648 3712 835 3776 perft'efflrdiat,
849 3718 871 3764 d.
893 3715 983 3777 peritias
995 3714 1145 3779 effodiotT.
1160 3757 1191 3764 -
1209 3714 1275 3777 solis,
1308 3710 1312 3715 ’

159 3780 202 3826 ad.
224 3818 252 3824 -
272 3775 373 3825 discimus
388 3783 426 3838 14,
439 3784 479 3827 23.
499 3819 529 3826 ..
545 3777 701 3841 providenda,
713 3798 732 3829 r.
748 3780 917 3844 praevidendo,
929 3785 962 3834 K.
1142 3784 1154 3806 ⁸

194 3843 260 3903 530.
288 3853 316 3903 et,
330 3839 399 3894 θεά.
419 3861 454 3903 oc,
466 3841 515 3908 βγ.
529 3887 559 3894 -
580 3863 718 3909 compressa,
729 3843 873 3899 OTadr¹²¹.
887 3892 918 3899 -
928 3848 1198 3914 sequiora-royano
1209 3849 1276 3899 oleae

160 3909 283 3971 deerant,
295 3913 361 3961 Pint.
376 3954 406 3961 -
425 3912 513 3961 item-
522 3921 600 3981 anua,
612 3917 644 3964 ad
654 3918 782 3979 superiora
793 3917 868 3967 refert
878 3919 954 3977 Pint,
967 3919 1009 3980 qui
1018 3925 1147 3980 praeterea
1156 3924 1212 3965 aaa
1222 3934 1275 3966 aea-

159 3977 197 4026 sil,
214 3977 320 4027 Thracia
331 3978 424 4027 admoto
436 3981 506 4042 legit,
524 3984 569 4030 sed
580 3981 652 4045 plura
664 3985 786 4033 excidisse
797 3993 876 4048 putat.
896 4025 927 4033 ..
945 3983 1033 4044 Aenos,
1044 3985 1092 4036 Td
1103 3981 1191 4046 (codd.
1204 3983 1276 4047 (id.)
1313 4002 1315 4006 ’

160 4061 221 4105 enos,
234 4062 256 4094 a.
280 4085 308 4094 ,
326 4045 435 4100 habitum.
449 4050 472 4097 d.
490 4047 586 4106 obitum,
599 4065 621 4098 a.
639 4052 788 4110 ambitumr.
809 4093 838 4101 -
856 4049 1107 4114 caltmlapr'doto,a
1130 4049 1275 4101 caltarala·

157 4108 249 4174 pidato,
262 4116 285 4162 d.
306 4154 335 4162 ..
354 4113 409 4171 sole,
422 4130 443 4163 a.
463 4157 493 4164 ..
513 4113 567 4175 lato,
580 4117 647 4166 delet
658 4119 733 4175 Pint,
746 4119 786 4167 cui
798 4121 934 4168 assentitur
944 4119 1089 4169 Schneider.
1098 4121 1131 4168 ad
1140 4120 1275 4183 Theophr.

161 4182 192 4228 de
204 4195 270 4229 cans.
283 4182 361 4244 plant.
374 4181 422 4230 III.
436 4189 476 4242 20,
490 4189 512 4232 5.
525 4199 549 4246 p.
562 4185 618 4232 271.
637 4183 684 4233 lato
695 4183 751 4246 solo,
764 4187 787 4234 r¹
796 4189 812 4234 ².
837 4227 868 4234 -
895 4184 989 4246 Sicilia,
1001 4203 1021 4248 r,
1034 4188 1102 4250 quod
1114 4187 1277 4250 probandam

161 4248 258 4300 videtur
269 4263 301 4297 ex
316 4255 354 4308 18,
367 4256 407 4299 88.
425 4250 463 4299 At
474 4267 496 4300 v.
509 4251 637 4314 Theophr.
650 4254 697 4301 1.1.
1259 4294 1262 4300 .
