2754 4726
398 126 468 173 ms.
484 126 572 172 xvn.
600 125 678 172 cnr.
694 126 742 189 ru.
760 126 793 173 v.
822 124 920 173 sucu.
936 131 954 168 a.
1192 109 1232 173 75

118 284 251 359 tanturn¹
265 276 422 341 fecundus
449 287 487 340 ut
513 299 572 342 suo
601 287 742 360 ternpore
764 287 866 340 satum
894 276 1056 341 demetant
1077 274 1232 341 hordeum

118 377 340 460 sublatumque
369 379 516 461 protinus
543 374 665 442 serant
680 388 711 442 et
738 399 810 441 curn
837 376 907 441 aliis
933 377 1082 463 frugibus
1103 387 1232 442 metunt.

70 527 73 532 .
117 474 311 542 Glareosum
332 477 411 543 oleis
434 477 535 542 solum
557 477 755 564 aptissimum
778 478 811 541 in
834 476 1028 556 Venafrano,
1056 477 1233 565 pinguissi-

115 599 202 641 mum
223 577 255 640 in
280 576 423 642 Baetica.
446 576 570 643 Pucina
591 579 667 643 vina
694 579 728 643 in
760 600 837 643 saxo
866 589 1032 655 cocuntur,
1063 575 1233 642 Caecubus

116 678 198 742 vites
218 680 254 742 in
275 677 458 764 Pomptinis
480 679 651 764 paludibus
672 679 803 743 madent
810 704 819 757 3
848 689 938 743 tanta
960 689 1008 743 est
1030 689 1233 764 argumento·

115 800 186 843 rum
215 801 253 843 ac
281 779 340 843 soli
367 780 507 845 varietas
534 803 571 844 ao
593 776 788 845 differentia.⁴
819 780 942 845 Caesar
962 779 1134 865 Vopiscus,
1162 800 1234 843 cum
1248 795 1280 840 aa

116 901 245 944 causam
273 880 360 965 apud
387 903 534 946 censores
562 892 683 968 ageret,
717 903 846 965 campos
872 880 989 944 Rosiae
1017 879 1099 943 dixit
1124 878 1235 942 Italiae

115 978 229 1044 sumen
250 1003 334 1058 esse,
356 981 390 1044 in
412 982 528 1065 quibus
549 983 692 1068 perticas
709 983 812 1068 pridie
833 983 960 1047 relictas
980 1003 1112 1068 gramen
1127 980 1234 1065 operi-

116 1091 180 1158 τοῖς
210 1082 267 1146 sed
289 1105 353 1147 non
374 1083 437 1146 nisi
459 1084 501 1146 ad
521 1083 675 1168 pabulum
696 1083 881 1169 probantur.
913 1082 987 1147 Non
1015 1094 1122 1146 tamen
1141 1079 1234 1144 indo·

117 1182 186 1246 cilis
206 1193 324 1247 natura
345 1206 404 1248 nos
425 1207 497 1249 esse
519 1185 618 1249 voluit
640 1195 672 1249 et
694 1185 772 1249 vitia
792 1185 939 1249 confessa
960 1183 1047 1259 fecit,
1069 1182 1166 1247 etiam
1179 1181 1235 1246 ubi

116 1283 200 1348 hona
214 1296 303 1349 certa
323 1308 386 1348 non
406 1286 538 1364 fecerat,
561 1284 767 1369 quamobrem
788 1286 927 1371 pn’mum
941 1285 1074 1350 erimina
1089 1281 1254 1357 dicimus„
1363 1369 1367 1377 ι

158 1382 201 1449 V.
235 1384 369 1449 Tenum
397 1408 538 1451 amaram
566 1387 632 1451 sive
660 1408 800 1450 macram
828 1387 853 1450 si
885 1386 957 1470 quis
984 1384 1122 1470 probare
1150 1382 1236 1459 velit,
1249 1397 1283 1442 ss

118 1483 337 1550 demonstrant
359 1509 413 1552 eas
435 1499 522 1552 atrae
544 1487 783 1574 degeneresque
805 1487 934 1564 herbae,
958 1485 1109 1572 frigidam
1129 1495 1237 1548 autem

119 1585 274 1650 retorride
294 1598 381 1665 nata,
402 1587 479 1652 item
502 1588 693 1676 uliginosam
715 1588 827 1666 tristia,
850 1587 1009 1653 rubricam
1031 1585 1116 1652 oculi
1138 1585 1236 1673 argil-

119 1683 255 1770 lamque,
284 1687 374 1773 operi
401 1688 601 1753 difficillimas
628 1709 773 1772 quaeque
799 1701 919 1752 rastros
941 1698 998 1751 aut
1019 1708 1164 1752 vomeres
1185 1686 1236 1748 in-

119 1786 270 1872 gentibus
292 1788 416 1874 glaebis
438 1799 581 1866 onerent,
603 1809 796 1874 quamquam
817 1811 881 1851 non
903 1787 989 1872 quod
1011 1787 1111 1871 operi,
1131 1786 1192 1849 hoc
1207 1795 1239 1848 et

118 1885 238 1952 fructui
267 1888 459 1968 adversum3
492 1891 581 1953 item
600 1911 617 1953 e
647 1889 805 1955 contrario
828 1888 1017 1952 cinericeam
1038 1895 1071 1950 et
1093 1884 1239 1950 sabulum

120 1987 244 2066 album3
267 2011 341 2054 nam
364 1990 481 2067 sterilis
503 1990 603 2055 densa
624 1989 703 2055 callo
724 1990 816 2054 facile
839 1987 1089 2074 deprehenditur
1110 1988 1162 2052 vel
1175 2009 1239 2051 uno
1313 2045 1323 2056 ,

120 2087 184 2152 ictu
207 2090 361 2175 cuspidis.
394 2089 477 2156 Cato
501 2091 647 2156 breviter·
663 2102 758 2175 atque
781 2114 821 2154 ex
844 2112 901 2155 suo
922 2113 1010 2154 more
1032 2089 1111 2153 vitia
1132 2087 1237 2152 deter-
1252 2099 1284 2144 ³4

120 2189 237 2253 minat:
272 2202 412 2268 „terram
445 2193 600 2257 cariosam
629 2215 707 2257 cave
735 2214 816 2256 neve
843 2192 987 2277 plaustro
1013 2212 1093 2254 neve
1123 2210 1238 2274 pecore
1331 2245 1337 2257 ,

121 2289 287 2375 inpellas.''
312 2291 401 2372 Qrdd
422 2303 573 2377 putamus
593 2294 654 2357 hae
674 2292 887 2378 appellatione
910 2302 996 2356 tanto
1017 2313 1115 2376 opere
1138 2290 1179 2355 ab
1202 2311 1239 2355 eo

121 2391 322 2456 reformidari
344 2404 381 2457 ut
403 2416 507 2479 paene
527 2393 671 2480 vestigiis
685 2414 813 2478 quoque
827 2393 1019 2456 interdicat?
1040 2392 1238 2478 Redigamus
1251 2386 1295 2444 35'

79 2486 83 2491 ⁴
109 2486 163 2553 ad
187 2491 268 2580 ligni
297 2493 414 2558 cariem
443 2506 473 2558 et
502 2494 701 2558 inveniemus
729 2494 782 2557 illa
811 2492 949 2575 quaein
971 2501 1093 2554 tantum
1115 2491 1238 2555 abomi-

122 2602 215 2655 natur
242 2593 321 2657 vitia
348 2593 466 2672 aridae,
497 2593 671 2670 fistulosae,
707 2591 849 2668 scabrae,
877 2590 1084 2668 canescentia,
1113 2612 1239 2669 exesae,

154 2732 223 2794 581.
249 2729 340 2794 similat,
353 2749 375 2783 a.
398 2728 575 2797 similes,d,dr.
598 2774 630 2782 ..
649 2730 869 2795 facerent..
896 2727 1037 2789 cautae.
1061 2769 1092 2776 -
1109 2729 1239 2791 seranta.
1295 2703 1299 2723 ’

124 2834 153 2846 -
178 2797 321 2860 Venafrano,
333 2816 356 2850 a.
376 2841 407 2848 -
425 2799 527 2860 fiscina,
540 2800 634 2850 Sabell.
647 2808 672 2849 et
683 2801 786 2849 Barbur.
804 2797 908 2857 Ptsaica
920 2798 1012 2846 adr¹².
1032 2836 1062 2844 -
1081 2795 1203 2857 Pomtinis,
1216 2811 1238 2845 a.

125 2903 154 2914 ..
172 2879 292 2928 aprorum,
304 2868 337 2916 K.
357 2892 387 2900 -
406 2865 499 2928 aceoli,
514 2861 585 2917 θεὰ.
604 2865 686 2925 attoli,
697 2861 726 2926 β.
873 2887 881 2906 ¹

155 2933 224 2995 582.
250 2931 348 2996 Romha
361 2929 410 2991 oa.
438 2931 669 2995 notaacnota
682 2927 815 2995 Gel.),dr.
838 2931 953 2993 sumpsit
964 2931 1028 2978 haec
1039 2931 1106 2980 Pliu.
1119 2947 1151 2980 ex
1162 2931 1238 2981 Varr.

125 2999 155 3048 de
165 3013 192 3048 re
203 3008 266 3049 rust.
278 3000 299 3062 L
314 3005 336 3063 t,
351 3007 389 3051 10.
408 3043 439 3051 -
459 2999 528 3059 dixit,
541 3017 564 3050 a.
587 2999 652 3059 dicit,
663 3017 683 3048 r.
706 3001 770 3048 Post
780 2996 870 3046 Italiae
881 2998 958 3047 habet
969 2995 1031 3046 dixit
1041 3001 1065 3048 d.
1085 3041 1115 3048 -
1138 3014 1238 3060 sumens,

124 3081 146 3115 a
168 3107 200 3116 ..
219 3066 433 3194 pqmdccsreb'ctua
441 3066 557 3132 postridie
567 3067 753 3131 prumea,Pint.
776 3107 807 3115 ..
836 3063 975 3126 diducas.
1002 3064 1174 3128 dr‘cemua,Td.
1201 3066 1238 3116 di-

124 3147 203 3182 amus
271 3170 277 3183 .

155 3169 225 3264 §ub
250 3147 299 3249 dive
311 3199 521 3262 macram-velit,
532 3209 583 3251 tres
595 3202 668 3250 codd.
680 3202 812 3251 Harduini.
835 3200 995 3264 probaverim,
1010 3203 1076 3251 Tad
1093 3200 1201 3266 (Rigalt.
1214 3212 1240 3252 et

125 3268 224 3318 Tuuan.
237 3284 278 3331 ap.
290 3268 397 3319 Salmas.
409 3283 491 3319 exem.
504 3283 527 3332 p.
541 3273 582 3318 st.
595 3282 617 3318 a.
630 3271 668 3332 B,
687 3270 729 3332 qui
745 3271 814 3319 vana
825 3267 927 3332 tentat).
953 3271 984 3319 In
996 3271 1059 3319 meis
1071 3271 1240 3333 Salmasiique

125 3336 197 3385 codd.
208 3337 285 3385 verba
296 3335 345 3384 sive
354 3352 459 3385 macrum
466 3336 490 3384 εἰ
496 3344 601 3400 propter
608 3336 834 3387 homoeoteleuton
843 3338 1002 3399 exciderunt3
1015 3352 1048 3387 ex
1056 3338 1144 3387 iisdem
1154 3345 1239 3386 autem

125 3415 179 3531 ppoh
185 3401 240 3465 quta
251 3403 357 3520 ,egobrslrpe
372 3403 428 3452 uelit
442 3403 799 3533 letpppduprdeppapgohcpep'int
814 3401 861 3467 (sc.
877 3403 1026 3522 aglriclplae).
1046 3445 1081 3518 l..
1108 3418 1156 3520 egs,
1173 3404 1240 3519 Mt

126 3485 270 3601 milda,
282 3469 577 3602 lhhe‘lpfflndtyjmtliha
586 3488 856 3599 {msrhlnl'ner'asm
864 3487 931 3587 olla,
940 3508 990 3598 unt,
1003 3486 1048 3589 llll
1053 3485 1239 3601 &missap-

127 3616 282 3654 menore.
295 3621 319 3667 p.
333 3608 427 3656 365.1).
439 3604 487 3668 D.)
504 3622 540 3667 uo,
552 3602 603 3671 βγ.
626 3647 650 3655 -
677 3613 779 3667 onerem,
793 3609 816 3655 d.
840 3607 988 3665 oneret,'1¹a.
1008 3647 1038 3654 -
1062 3609 1171 3668 nomed.
1195 3623 1240 3654 nou

127 3667 262 3734 sliquosdo,
274 3688 294 3721 r.
312 3671 441 3736 aliquando
452 3673 572 3737 estquod
583 3673 656 3744 operi,
667 3675 700 3724 K.
720 3715 750 3723 ..
761 3673 864 3737 fructui,
876 3675 920 3722 ad.
930 3672 1075 3735 sructuisit,
1087 3668 1138 3738 βγ.
1158 3715 1185 3722 -
1206 3673 1239 3723 ci-

128 3737 247 3798 meam,
260 3755 283 3789 a.
301 3740 452 3802 mnaoceum,
465 3743 480 3791 d
484 3736 507 3801 β
511 3755 536 3805 γ.

159 3807 225 3869 534.
256 3802 466 3859 Octodurerust.
479 3813 503 3870 t,
517 3814 540 3859 6.
560 3849 590 3858 -
614 3809 736 3866 samana,
749 3809 772 3856 d.
795 3807 894 3869 auriota,
907 3824 929 3857 a.
950 3849 980 3858 -
1004 3823 1240 3866 caverem-esame,

130 3871 191 3922 unt.
203 3889 236 3923 ex
248 3873 305 3924 Cat
325 3915 355 3932 .‚
373 3890 429 3924 neve
436 3875 553 3939 plostrum
565 3891 637 3938 aeque
645 3891 718 3938 pecua
729 3874 845 3940 impellas,
858 3877 931 3927 Cato.
946 3874 1054 3939 palustre
1066 3884 1092 3924 et
1099 3891 1202 3938 perores,
1216 3879 1239 3925 d.

133 3977 158 3986 -
177 3947 242 3988 tanto
254 3957 322 4004 opere
334 3942 365 3989 ab
377 3958 411 4003 eo,
422 3944 467 3992 ad.
484 3942 516 3990 nb
528 3959 554 3990 eo
567 3950 692 4007 tantopere,
704 3938 755 4007 βγ.

161 4009 227 4069 §aa
255 4006 497 4072 Redipcmus,'l'ad.
521 4007 664 4071 Redeamus,
675 4005 704 4070 β.
724 4051 754 4058 ..
778 4010 950 4071 abominantur,
963 4013 1007 4059 ad.
1027 4048 1057 4057 ..
1080 4006 1240 4066 canariam,

134 4071 154 4118 d.
170 4074 332 4136 assentientes,
345 4093 366 4126 a.
391 4116 412 4123 -
436 4091 465 4123 ea
475 4091 508 4134 se,
520 4079 582 4126 adr.
