2754 4726
44 277 109 345 380
393 288 597 338 aaronem
619 285 812 337 maroam:

42 463 171 529 quoque
192 451 224 508 et
244 437 467 506 intestinorum
485 438 625 515 dolores3
653 447 869 505 verumtamen
889 456 983 503 omne
1004 437 1164 523 pallorem

43 542 228 611 bibentibus
249 540 363 627 gignit.
385 539 439 607 Ita
460 550 547 607 certe
567 540 683 618 ferunt,
706 539 802 606 Porci
815 537 966 605 Latronis
983 537 1064 627 olari
1078 537 1165 604 inter
1179 553 1222 599 tto

42 643 213 732 magistros
241 640 369 708 dicendi
397 642 613 708 adsectatores
641 639 879 706 similitudinem
905 638 1022 704 coloris
1044 639 1164 705 studiis

41 743 199 813 contracti
217 741 358 809 imitatos
380 751 413 808 et
432 740 528 828 paulo
548 750 623 806 ante
643 739 764 806 Iulium
778 738 948 805 Vindicem
962 738 1163 804 adsertorem

40 844 132 912 illum
152 867 173 910 a
192 843 321 911 Nerone
340 841 498 909 libertatis
519 841 700 927 captatione
722 839 902 906 testamenti
927 839 975 906 sic
994 838 1160 906 lenocina-

41 955 120 1010 tum.
141 942 277 1010 Narium
298 941 486 1029 sanguinem
506 941 642 1028 pastillis
661 941 799 1007 inditum
819 940 871 1007 vel
884 962 925 1006 ex
938 949 1032 1005 aceto
1045 962 1160 1006 recens

41 1045 127 1112 sistit
151 1054 184 1110 et
207 1045 371 1111 oculorum
397 1041 561 1129 epiphoris
587 1064 646 1128 per
673 1064 708 1109 se
733 1041 925 1126 inpositum,
962 1041 1160 1108 tumentibus

41 1168 116 1213 oum
146 1145 239 1211 melle
270 1145 417 1230 prodeet3
453 1142 630 1209 infantibus
659 1142 769 1228 inponi
794 1142 829 1207 in
855 1152 967 1207 ventre
992 1141 1071 1207 satie
1100 1152 1160 1208 est.

40 1245 171 1312 Morbo*
183 1245 274 1331 regio
295 1246 329 1310 in
350 1244 427 1311 vino
451 1243 523 1311 albo
544 1267 564 1309 a
584 1242 719 1310 balineis
739 1243 848 1320 datur,
869 1241 950 1309 XV.
987 1241 1160 1329 Aethiopi·
1175 1255 1217 1301 ιω

40 1368 115 1414 cum
135 1368 284 1413 maxume
305 1345 340 1410 in
360 1366 461 1430 posca
481 1344 568 1410 etin
590 1343 758 1432 ecligmate
780 1365 854 1409 cum
874 1342 981 1419 melle3
1001 1342 1161 1409 Africano

40 1447 192 1534 privatim
204 1446 317 1511 urinae
330 1443 589 1511 incontinentiam
602 1443 743 1511 cohiberi
756 1454 881 1530 putant.
908 1439 1053 1508 Sativom
1064 1442 1162 1508 datur

40 1548 84 1614 ad
97 1547 247 1614 iocineris
265 1546 345 1612 vitia
359 1556 488 1625 tostum,
511 1545 622 1612 tritum
635 1545 670 1609 in
683 1554 784 1623 aceto,
805 1544 883 1609 item
897 1543 939 1608 ad
956 1542 1159 1630 vertiginem,

40 1647 82 1714 iis
108 1671 186 1715 vero
207 1670 289 1732 quos
309 1647 414 1714 acrior
435 1645 529 1710 urina
548 1645 692 1711 mordeat
712 1645 747 1710 in
769 1644 856 1710 dulci
880 1644 999 1722 tritum,
1026 1642 1070 1708 ad
1088 1644 1159 1710 vol-

41 1770 156 1812 varum
177 1748 257 1812 vitia
270 1747 304 1811 in
319 1747 394 1812 vino
407 1754 598 1831 praeterque
617 1744 766 1830 inpositis
779 1746 896 1811 vellere
909 1744 1009 1822 foliis,
1032 1744 1161 1810 testium

41 1848 220 1915 tumoribus
247 1856 364 1914 tostum
380 1847 567 1931 'tritumque
594 1868 668 1912 cum
688 1845 782 1913 melle
803 1856 859 1910 aut
879 1868 953 1911 oum
973 1866 1105 1912 rosaceo
1127 1855 1160 1911 et

41 1971 125 2015 cera.
149 1946 307 2015 Silvestre
328 1948 371 2013 ad
392 1947 499 2013 omnia
522 1947 634 2013 eadem
648 1946 817 2025 efficacius,
839 1956 1008 2033 praeterea
1027 1945 1159 2012 ad'ser·
1172 1955 1214 2001 ¹⁶2

40 2050 149 2137 pontis
170 2073 244 2117 cum
265 2050 353 2128 oleo,
375 2049 418 2114 ad
439 2048 641 2132 scorpiones,
664 2047 906 2134 scolopendram
941 2046 1027 2112 sistit
1047 2056 1081 2111 et
1100 2068 1159 2112 vo·

41 2150 206 2218 mitionem
226 2151 421 2232 nausiasque
442 2170 483 2214 ex
504 2148 596 2225 vino,
624 2159 779 2232 quantum
801 2147 1073 2234 adprehenderint
1093 2159 1159 2214 tres

39 2249 152 2335 digiti3
189 2259 322 2334 propter
343 2249 448 2314 colum
468 2269 596 2332 quoque
625 2247 746 2315 bibitur
766 2249 973 2334 inliniturque
994 2250 1048 2315 vel
1067 2248 1158 2335 peni·

40 2348 122 2415 uillis
143 2349 275 2415 fervens
296 2348 487 2434 adprimitur
506 2348 624 2414 fasciis.
658 2348 935 2438 strangulationes
963 2350 1078 2417 volvae
1099 2371 1157 2434 po·

40 2461 110 2515 tum
134 2450 169 2515 in
193 2450 270 2516 vino
296 2450 402 2535 aperit
428 2449 531 2516 tribus
559 2449 718 2516 drachmis
743 2451 779 2516 in
805 2451 908 2517 tribus
929 2450 1054 2536 cyathis
1075 2450 1157 2526 vini3
1245 2543 1251 2549 1

39 2549 170 2616 auribus
197 2550 369 2617 instillatur
397 2551 439 2615 ad
461 2550 582 2617 sonitus
603 2562 700 2636 atque
722 2551 856 2617 tinnitus
878 2575 951 2618 cum
976 2552 1053 2618 sebo
1075 2551 1158 2616 vitu·

38 2650 104 2717 lino
125 2652 176 2718 vel
197 2654 306 2728 melle;
341 2651 522 2741 suggillatis
550 2651 695 2717 inlinitur
717 2675 790 2718 oum
811 2653 905 2720 melle
927 2664 960 2719 et
980 2676 1046 2719 uva
1065 2673 1159 2738 passa

40 2763 73 2817 et
94 2764 199 2832 aceto,
220 2752 368 2839 lentigini
389 2753 501 2841 nigrae
523 2775 564 2818 ex
585 2762 689 2818 aceto.

72 2889 151 2952 pipnit
163 2890 300 2948 bibentibus,
313 2894 337 2942 d.

73 2955 152 3016 §lod
165 2958 288 3019 contracti,
294 2975 317 3008 a.
334 2966 416 3007 contra
424 2957 496 3017 aucti,
502 2960 526 3008 d.
534 2999 564 3007 -
575 2958 725 3020 testamentis,
735 2952 780 3009 θᾶ.
795 2960 866 3010 Haec
874 2974 935 3009 vero
944 2961 1027 3020 verba,
1034 2959 1073 3008 uti
1082 2959 1158 3022 vulgo

39 3025 166 3087 leguntur,
175 3040 251 3075 nemo
260 3028 345 3076 adhuc
358 3026 487 3090 explicuit,
496 3027 540 3074 vix
549 3026 684 3089 qnisquam
695 3026 821 3089 explicare
830 3028 947 3090 potuerit.
965 3027 1048 3076 Iulius
1056 3026 1159 3076 deex

38 3093 169 3142 cuminum
180 3094 272 3144 bibisse
284 3095 382 3155 dicitur,
393 3100 422 3143 nt
433 3093 523 3142 debilis
535 3101 560 3142 et
571 3095 646 3143 morti
658 3095 816 3156 propinquus
827 3095 961 3145 videretur.
980 3095 1073 3144 Voluit
1084 3093 1159 3156 igitur

39 3159 198 3223 heredipetas
209 3160 303 3222 fallere,
320 3163 364 3225 qui
376 3162 429 3211 eins
440 3167 617 3211 testamentum
629 3162 769 3224 captabant.
787 3163 857 3212 Luce
869 3163 961 3212 clarius
974 3169 1013 3211 est
1023 3161 1159 3211 Vindicem

39 3239 93 3274 non
109 3226 283 3276 lenocinatum
300 3243 355 3278 esse
371 3244 416 3291 per
433 3229 616 3291 captationem,
638 3243 725 3278 verum
747 3231 833 3292 potius
851 3243 909 3278 eum
926 3236 1068 3292 captatores
1086 3235 1159 3278 testa·

41 3293 119 3340 menti
131 3293 251 3342 allexisse
263 3296 296 3342 ad
307 3309 335 3342 se
347 3296 480 3342 colendum
494 3303 519 3343 et
531 3297 700 3356 ambiendum,
718 3303 746 3344 ut
759 3310 823 3358 qnos
835 3311 934 3359 sperare
946 3297 1043 3346 iuberet
1057 3310 1122 3345 mox
1133 3307 1159 3344 se

40 3358 199 3417 moriturum,
216 3358 330 3407 favorem
342 3360 419 3421 igitur
429 3359 546 3408 Vindicis
558 3365 698 3422 parendum
710 3377 772 3424 csse,
790 3371 819 3412 ut
833 3371 931 3427 partem
947 3364 1060 3426 aliquam
1077 3364 1113 3412 rei
1124 3360 1161 3411 la·

40 3424 145 3472 miliaria
156 3425 217 3487 ipsis
229 3425 333 3487 legaret.
355 3426 506 3487 Legendum
520 3426 596 3486 igitur
613 3434 650 3476 est
667 3429 807 3490 captationi,
825 3431 910 3480 dativo
921 3432 1047 3496 pendente
1057 3444 1075 3478 a
1085 3430 1160 3479 verbo

41 3489 204 3540 lenocinatum.
227 3491 377 3555 Captatores
392 3493 535 3541 testamenti
551 3493 678 3544 alliciebat
689 3496 786 3558 pallido
797 3511 845 3548 auo
858 3498 952 3558 colore,
970 3503 999 3546 ut
1009 3498 1070 3546 leno
1083 3496 1162 3546 allicit

40 3566 228 3622 praetereuntes
242 3558 329 3608 fucata
343 3559 532 3622 pulchritudine
546 3562 715 3612 meretricum.
734 3565 857 3615 Ludibrio
868 3566 945 3628 igitur
956 3565 1047 3614 habuc
1058 3565 1162 3614 Vindex

41 3627 208 3690 heredipetas,
225 3641 333 3689 quornm
349 3635 415 3677 artes
430 3628 457 3676 in
469 3627 558 3679 favore
573 3629 707 3679 hominum
724 3631 830 3681 divitum
842 3635 966 3697 captando
978 3631 1077 3695 positas
1089 3630 1162 3681 multi

41 3694 125 3756 lepide
137 3695 292 3755 describunt;
304 3710 328 3743 v.
340 3694 430 3744 Horat.
442 3701 488 3744 sat.
499 3701 522 3754 2,
533 3702 564 3755 5.,
576 3697 687 3746 Martial.
701 3704 723 3759 6,
734 3704 774 3748 63.
787 3707 812 3748 et
823 3698 910 3749 Iuven.
925 3705 964 3760 12,
977 3703 1017 3748 93.
1035 3699 1163 3762 Exempla

42 3775 102 3810 vero
120 3761 322 3825 heredipetarum
340 3776 385 3826 spe
401 3776 449 3810 sua
463 3777 480 3810 a
496 3763 594 3813 callidis
606 3765 724 3815 divitibus
736 3766 881 3817 hominibus
898 3769 1061 3830 deceptorum
1073 3767 1162 3829 legun·

42 3836 84 3878 tur
99 3830 167 3891 apud
182 3830 249 3879 Pliu.
267 3844 324 3892 epp.
339 3829 375 3878 11.
392 3834 433 3889 20,
453 3831 475 3879 7.
499 3829 574 3879 VIII.
594 3836 632 3882 18.
650 3840 676 3881 et
691 3834 795 3883 Lucian.
813 3835 907 3897 dialog.
924 3840 1000 3883 mort.
1018 3839 1041 3894 5,
1055 3839 1080 3883 3.
1103 3838 1128 3895 3,
1140 3838 1162 3883 6.

42 3896 113 3946 Fecit
129 3908 190 3959 ergo
207 3896 288 3946 Iulius
300 3897 403 3947 Vindex
414 3897 441 3946 in
452 3911 479 3946 re
491 3897 588 3948 minore
600 3899 626 3949 id
638 3902 707 3961 quod
718 3900 816 3963 aliquot
827 3902 936 3952 saeculis
947 3907 1007 3964 post
1019 3899 1110 3951 Sixtus
1120 3901 1162 3960 V..

43 3969 71 4012 nt
86 3963 175 4014 sellam
192 3978 288 4014 sacram
304 3965 473 4015 adscenderet.
492 4005 523 4015 ..
546 3963 630 4027 velex,
643 3982 665 4016 a
692 3965 736 4027 cel,
748 3969 773 4016 d.
797 4007 828 4017 -
850 3967 955 4029 sistitd.
982 3966 1024 4028 ais,
1037 3983 1061 4018 a.
1085 4008 1117 4018 -
1142 3973 1164 4015 et

43 4028 341 4080 ocubrum-tnmentrbus
352 4047 413 4092 cam,
426 4046 477 4081 om.
489 4048 512 4082 a
532 4073 563 4081 -
581 4031 691 4093 ventrali,
702 4034 791 4084 Dulce.

76 4099 92 4161 a
106 4103 161 4148 161.
185 4097 292 4159 tatae,
310 4100 346 4150 aa
363 4097 450 4161 <coca
463 4097 533 4162 ou.)
561 4099 657 4162 talasa,
673 4096 702 4160 a.
724 4102 866 4166 catapan
881 4104 945 4153 aaa
960 4101 1027 4153 aun.
1039 4072 1127 4155 vuar.
1140 4108 1164 4162 a,

44 4169 84 4214 59.
104 4204 134 4214 ..
161 4162 332 4230 Aethiopicum,
349 4169 392 4218 ad.
419 4165 456 4216 lats
472 4165 643 4231 Aethiopicam,
658 4169 682 4220 Τ
699 4164 784 4230 (codd.
797 4167 867 4230 Gal.)
890 4210 922 4220 ..
949 4167 1080 4235 ecligmate,
1096 4171 1163 4220 Pina

43 4229 171 4296 ecligmate,
183 4233 216 4283 K.
244 4232 345 4299 lipmote,
358 4230 449 4299 adssr.
469 4275 500 4284 ..
523 4232 635 4297 cohibere,
648 4251 670 4285 a.
691 4276 720 4285 -
744 4234 943 4301 αάὶοσίηενὶε,3.
967 4235 1164 4298 eadmero,
1233 4248 1236 4253 “
