2754 4726
335 301 405 348 nm.
420 301 495 348 xvi.
526 301 603 349 ose.
620 302 748 367 xxxrn.
765 303 823 350 xc.
855 303 952 353 sacr.
968 306 999 348 rc.
1186 288 1226 352 53

110 451 231 516 tudine.
254 450 357 516 Abies
375 451 594 518 admirationis
614 452 806 539 praecipuae
827 453 897 520 visa
917 465 967 520 est
987 455 1021 518 in
1042 477 1123 519 nave
1144 477 1225 539 quae

109 575 148 616 ex
169 553 325 638 Aegypto
342 549 406 624 Gai
427 552 585 638 principis
606 554 697 617 iussu
718 552 893 620 obeliscum
915 556 948 619 in
962 555 1120 621 Vaticano
1141 556 1227 621 circo

109 652 263 719 statutum
291 664 506 737 quattuorque
535 663 665 718 truncos
692 655 811 738 lapidis
839 655 982 721 eiusdem
1003 656 1045 719 ad
1067 657 1226 722 sustinen-

107 755 184 820 dum
206 777 280 819 eum
301 753 447 832 adduxit,
464 761 534 837 'qua
555 778 638 819 nave
652 754 731 819 nihil
749 755 968 821 admirabilius
983 757 1087 821 visum
1100 757 1131 820 in
1148 757 1226 821 mari

108 866 230 921 certum
252 866 315 933 est;
339 860 395 914 075<
418 854 595 920 modiorum
617 857 710 921 lentis
732 879 790 942 pro
805 857 940 922 saburra
962 857 991 921 ei
1014 857 1113 922 fuere.
1136 857 1226 921 Lon·
1241 874 1289 918 soa

107 956 221 1042 gitudo
251 955 389 1041 spatium
422 954 559 1040 optinuit
586 978 704 1042 magna
734 979 775 1021 ex
801 968 895 1042 parte
923 955 1085 1022 Ostiensis
1117 969 1228 1043 portus
1285 970 1294 977 ’

107 1057 206 1121 latore
233 1057 340 1131 laev03
374 1054 420 1119 ibi
449 1062 585 1140 namque
620 1057 766 1122 demersa
795 1069 844 1123 est
869 1081 890 1122 a
918 1055 1056 1122 Claudio
1082 1058 1227 1144 principe

108 1179 180 1222 cum
208 1156 311 1221 tribus
340 1156 474 1220 molibus
509 1157 644 1222 turrium
677 1158 843 1223 altitudine
876 1158 910 1222 in
942 1181 980 1222 ea
1012 1159 1227 1225 exaedificatis

109 1257 210 1323 obiter
222 1257 398 1323 Puteolano
420 1257 554 1343 pulvere
569 1259 783 1343 advectisque.
807 1258 943 1325 Arboris
959 1260 1027 1323 eius
1050 1258 1226 1324 crassitudo

110 1371 257 1442 quattuor
282 1359 448 1423 hominum
474 1359 567 1423 ulnas
594 1359 863 1445 conplectentium
884 1359 1038 1444 inplebat,
1068 1361 1227 1445 volgoque

113 1460 235 1525 auditur
261 1460 423 1544 octogiuta
449 1482 614 1524 nummum
648 1471 681 1525 et
708 1460 810 1545 pluris
843 1460 942 1525 malos
971 1462 1158 1526 venumdari
1185 1461 1227 1524 ad

115 1582 161 1626 eos
174 1584 265 1638 usus,
277 1559 355 1624 ratis
370 1582 446 1624 vero
460 1562 605 1626 connecti
619 1584 662 1625 xa
678 1558 750 1626 HS.
762 1563 941 1647 plerasque.
966 1561 1011 1624 At
1028 1559 1063 1624 in
1075 1560 1227 1645 Aegypto
1241 1578 1289 1621 nos

116 1683 146 1726 sc
164 1660 264 1748 Syria
285 1683 380 1747 reges
401 1660 510 1747 inopia
532 1660 646 1726 abietis
669 1662 764 1727 cedro
787 1662 830 1726 ad
852 1660 976 1726 classis·
989 1660 1136 1725 feruntur
1157 1661 1209 1724 usi
1216 1685 1225 1738 3

116 1783 259 1827 maxuma
291 1783 330 1826 ea
361 1762 395 1825 in
422 1758 535 1846 Cypro
564 1762 700 1826 traditur
732 1763 773 1826 ad
805 1761 1041 1827 undeciremem
1067 1759 1227 1826 Demetrii

115 1865 242 1942 succisa,
266 1872 394 1928 centum
417 1861 550 1948 triginta
570 1863 701 1947 pedum,
723 1863 945 1928 crassitudinis
970 1885 1046 1927 vero
1068 1862 1110 1925 ad
1132 1862 1227 1924 trium

111 1962 271 2030 hominum
292 1963 493 2048 conplexum.
531 1960 725 2027 Germaniae
746 1964 924 2047 praedones
947 1961 1081 2049 singulis
1103 1960 1226 2025 arbori-

109 2063 169 2130 bus
190 2065 310 2131 cavatis
332 2065 496 2150 navigant,
523 2086 658 2148 quarum
687 2064 845 2148 quaedam
872 2074 904 2128 et
930 2063 1063 2150 triginta
1082 2062 1227 2126 homines

106 2165 224 2230 lerunt.
259 2163 465 2251 Spississima
480 2189 521 2230 ex
542 2165 627 2230 omni
649 2166 791 2244 materie,
814 2166 886 2229 ideo
909 2175 941 2229 et
961 2163 1153 2250 gravissima
1175 2162 1225 2227 iu·
1240 2182 1288 2225 eoi

103 2265 231 2331 dicatur
256 2266 400 2331 hebenus
423 2277 454 2330 et
476 2265 593 2345 buxus,
620 2267 758 2352 graciles
785 2276 916 2343 natura3
945 2276 1057 2329 neutra
1078 2264 1112 2329 in
1134 2264 1233 2349 aquis⁴

103 2365 220 2446 fluitat,
247 2386 308 2432 nec
329 2367 425 2432 suber
447 2367 475 2430 si
496 2367 643 2433 dematur
664 2378 783 2446 cortex,
809 2388 870 2431 nec
890 2365 982 2429 larix.
1018 2364 1073 2429 Ex
1094 2365 1227 2449 reliquis

107 2465 285 2534 siccissima
305 2469 388 2533 lotos
411 2489 493 2550 quae
507 2467 629 2532 Romae
643 2469 688 2533 ita
710 2468 900 2555 appellatur,
923 2468 998 2532 dein
1019 2468 1116 2533 robur
1137 2468 1225 2533 exal-

109 2569 297 2648 burnatum3
334 2579 367 2634 et
393 2568 469 2632 huic
496 2569 658 2656 nigricans
687 2570 773 2635 color
803 2570 970 2655 magisque
1003 2569 1098 2632 etiam
1126 2569 1226 2653 cytiso

115 2688 195 2754 quae
217 2693 374 2759 proxume
403 2670 556 2735 accedere
581 2670 740 2736 hebenum
769 2671 910 2748 videtur,
944 2692 1136 2753 quamquam
1162 2693 1226 2734 non
1272 2693 1275 2697 ’
1314 2733 1317 2738 ,
1363 2686 1368 2691 ’

119 2768 226 2850 desunt
252 2773 307 2858 qui
332 2768 485 2856 Syriacas
508 2771 703 2836 terebinthos
731 2772 889 2858 nigriores
914 2770 1092 2834 adfirment.
1131 2766 1226 2833 Cele·
1240 2785 1288 2828 eos

119 2874 219 2938 batur
240 2885 272 2940 et
293 2873 459 2937 Thericles
480 2873 608 2938 nomine
634 2873 750 2937 calices
778 2893 818 2935 ex
845 2871 1023 2937 terebintho
1045 2868 1157 2934 solitus
1177 2869 1225 2933 fs-

121 2991 187 3039 cere
206 2985 304 3053 torno,
327 2997 386 3060 per
406 2997 502 3059 quem
523 2975 676 3060 probatur
697 2974 855 3038 materies.
884 2969 1039 3036 Omnium
1060 2971 1139 3034 haec
1161 2971 1227 3036 sola

119 3177 208 3243 XXX,
218 3183 307 3233 Ambr.
320 3185 355 3234 11.
377 3179 484 3242 CCXX,
495 3181 580 3230 Vatic.
595 3185 668 3230 lese.
689 3175 769 3228 CXX
776 3177 813 3238 M,
823 3173 872 3241 βγ.
887 3218 916 3226 ..
936 3174 1071 3239 modiorum,
1084 3178 1136 3228 Τὰ.
1155 3175 1229 3227 modii

119 3258 171 3308 m,
181 3264 196 3297 a
206 3248 307 3312 (Ambr.
318 3250 354 3311 1.)
371 3249 481 3310 modium,
495 3248 567 3296 codd.
581 3247 636 3296 Gel.
648 3241 671 3307 β
674 3260 699 3310 r.
718 3244 798 3306 modii,
810 3245 899 3296 Ambr.
912 3245 947 3294 11.
966 3285 997 3294 ..
1015 3244 1148 3308 saburrect‘,
1160 3263 1182 3297 a.

152 3317 226 3380 §202
251 3318 357 3379 ostensis,
370 3320 394 3367 d.
417 3324 531 3374 ostensus,
544 3330 566 3362 a.
585 3354 617 3362 ..
636 3329 660 3376 a,
673 3329 723 3363 om.
737 3329 759 3362 a.
779 3355 809 3362 -
828 3311 918 3370 obiter,
930 3327 954 3376 γ.
977 3313 1005 3360 ob
1017 3312 1043 3361 id
1055 3321 1096 3373 ter,
1107 3315 1174 3364 Pint.
1195 3356 1224 3363 -

115 3382 264 3448 obvoeldque,
277 3403 300 3435 a.
328 3384 435 3441 advecto,
452 3384 519 3433 Pint.
537 3422 569 3430 -
597 3381 726 3445 octoginta,
744 3375 813 3431 osc.
840 3379 958 3431 LXXX
966 3379 1009 3441 M,
1026 3377 1054 3441 β.
1082 3380 1226 3444 octingentis,

114 3451 199 3507 Deloc.
216 3493 245 3502 ..
265 3445 505 3512 nummum,9'1'ed.
523 3463 674 3509 nummorum,
685 3444 714 3510 β.
733 3448 839 3509 nummis,
852 3450 942 3498 Deles.
960 3488 992 3497 ..
1008 3446 1097 3510 plures,
1110 3465 1132 3498 a.
1149 3446 1226 3512 piare,

113 3523 140 3573 (l.
157 3559 186 3567 ..
204 3518 276 3567 melos
288 3518 347 3568 adeo
360 3515 491 3567 venundari
500 3532 563 3576 usas,
575 3532 595 3565 r.
618 3515 757 3577 venundari,
770 3518 846 3566 etiam
858 3533 880 3565 a
899 3557 930 3565 -
953 3514 1064 3576 connecti,
1076 3517 1100 3563 d.
1123 3514 1226 3574 coniecti,

113 3604 138 3638 s·
157 3625 184 3634 ..
203 3585 254 3636 XL
266 3585 332 3646 HS,
345 3587 369 3634 d.
388 3584 441 3636 XL
453 3582 561 3645 sestertii,
573 3599 596 3632 a.
614 3581 908 3648 quodragintosestertih,
919 3577 947 3643 β

148 3651 228 3714 5208.
252 3651 443 3716 Atindeqypto
458 3653 511 3712 rel,
529 3666 553 3701 ν.
565 3650 696 3714 Theophr.
709 3652 727 3699 l.
740 3651 757 3699 l.
769 3651 804 3700 V.
817 3657 841 3711 8,
856 3655 878 3698 l.
898 3691 928 3698 -
947 3664 1037 3707 ec,ar.
1062 3642 1175 3711 et,dssr.
1196 3689 1225 3698 -

111 3715 233 3839 adseqe.
253 3761 284 3770 ..
309 3720 417 3781 manime,
429 3736 452 3769 a.
470 3759 501 3768 ..
525 3714 586 3766 unde
600 3733 685 3780 cerem,
701 3719 745 3768 ad.
766 3758 796 3766 -
819 3716 938 3774 Demetri,
955 3733 977 3764 a.
998 3755 1028 3763 ..
1049 3713 1136 3777 pedum
1153 3713 1226 3780 lonqi-

156 3802 201 3835 mes
222 3805 242 3837 r.

147 3824 229 3919 ssoh.
251 3851 348 3918 gracili,
359 3855 448 3905 Deles.
471 3856 511 3904 Dc
526 3869 553 3903 re
569 3868 592 3902 v.
605 3853 736 3916 Theophr.
748 3854 765 3901 l.
778 3853 795 3901 l.
808 3852 841 3900 V.
855 3858 878 3912 3,
892 3856 914 3900 1.
934 3891 964 3900 ..
987 3849 1100 3910 sedatos,
1113 3866 1128 3899 a
1140 3847 1227 3909 (codd.

111 3922 219 3976 Salmas.
232 3938 314 3973 exere.
327 3938 352 3986 p.
366 3928 422 3975 728.
434 3925 458 3973 b.
470 3923 511 3983 E,
529 3921 572 3985 qui
583 3919 727 3983 spississima
738 3917 820 3982 legit).
841 3960 871 3968 ..
890 3917 952 3978 dein,
965 3920 1009 3967 ad.
1027 3915 1118 3976 deinde,
1129 3911 1152 3977 β
1156 3931 1226 3982 r„-
1302 3928 1305 3933 ⁴

110 3987 257 4050 deberem,
270 3991 358 4039 Dalec.
378 4031 408 4040 ,
427 3989 518 4050 desunt,
530 4004 553 4036 a.
572 3985 654 4048 desint,
668 3981 738 4050 dssr.
759 4027 789 4036 ..
809 3985 979 4042 therebintinos,
991 4002 1014 4034 a.

145 4059 229 4120 §wia
256 4054 402 4118 Tarichea.
427 4055 534 4116 tetricles,
546 4056 571 4103 d.
590 4095 620 4103 ..
645 4052 839 4114 terebinthinae.
859 4095 889 4104 -
914 4054 1043 4116 quemad
1061 4049 1174 4112 (Thoan.
1187 4067 1227 4115 ap.

110 4125 219 4178 salmas
236 4139 320 4173 exerc.
336 4139 362 4189 p.
381 4129 437 4175 7³4.
453 4126 478 4173 b.
494 4119 542 4183 D.)
566 4136 682 4186 perquem
694 4121 815 4184 probatos.
842 4119 959 4170 Materies
976 4117 1076 4166 omnium
1094 4116 1152 4165 haee
1168 4116 1228 4176 sole,

108 4193 220 4246 Salmas.
240 4199 314 4253 torno,
326 4208 366 4241 cor
377 4189 442 4241 cuias
450 4191 573 4254 probatur.
587 4185 704 4238 Materies
716 4203 775 4242 omn.
789 4182 853 4251 lusa,
864 4189 931 4243 Pint.
951 4225 982 4240 .,.
1001 4183 1109 4233 materies
1121 4184 1228 4234 omnium.

108 4259 181 4314 Haeo
193 4256 260 4322 sola,
277 4275 297 4310 r.
