2754 4726
373 298 444 348 am.
460 298 550 348 xxu.
579 297 657 347 car.
672 298 761 348 xxu.
792 297 888 349 sacr.
904 300 986 347 u-tc.
1178 285 1242 351 tto

120 450 265 519 tissimos
286 470 347 536 pro
376 448 494 515 cummi
516 448 733 515 efficacissime
753 449 845 538 regit.
873 449 1057 516 Dorotheus
1079 449 1242 517 stomacho

119 564 154 618 et
182 548 444 619 concoctionibus
471 548 582 616 utilem
607 548 802 616 carminibus
822 551 889 617 suis
915 551 1149 637 pronuntiarim
1183 551 1241 618 ali·

118 653 176 738 qui
213 650 341 719 feminis
378 662 411 716 et
446 649 548 717 oeulis
580 650 841 737 generationique
874 651 1015 719 virorum
1051 653 1243 719 contrariam

117 765 286 841 putavere.

161 854 215 921 46.
236 853 327 919 Inter
342 873 479 937 eaquae
494 863 613 919 temere
634 853 830 918 manduntur
850 863 883 916 et
904 852 1027 919 boletos
1048 853 1162 920 merito
1183 876 1242 940 po-
1256 870 1289 916 ar

119 953 253 1034 suerim,
275 953 374 1041 opimi
389 953 519 1037 quidem
541 954 600 1021 bos
622 952 684 1021 cibi
707 953 767 1020 sed
788 953 934 1020 inmenso
956 954 1105 1040 exemplo
1124 953 1159 1020 in
1180 954 1243 1020 ori·

119 1077 195 1121 men
225 1055 399 1134 adductos,
433 1076 557 1122 veneno
585 1053 717 1121 Tiberio
746 1051 887 1120 Claudio
912 1054 1050 1141 principi
1076 1053 1244 1141 perhanc

122 1155 323 1223 occasionem
351 1177 371 1220 a
397 1155 536 1240 coniuge
556 1155 742 1243 Agrippina
770 1153 858 1231 dato,
885 1176 950 1238 quo
970 1155 1056 1220 facto
1076 1155 1131 1220 illa
1151 1155 1245 1223 terris

85 1279 283 1322 --venenum
310 1257 445 1323 alterum
473 1254 599 1340 sibique
626 1264 701 1320 ante
722 1253 825 1321 omnis
845 1253 1006 1321 Neronem
1029 1278 1122 1322 suum
1145 1256 1243 1322 dedit.

124 1355 337 1440 Quorundam
373 1379 414 1421 ex
440 1357 481 1421 iis
508 1356 603 1422 facile
631 1366 810 1422 noscuntur
835 1376 961 1421 venena
989 1356 1089 1423 diluto
1117 1357 1244 1438 rubore,

122 1457 253 1524 rancido
281 1458 447 1544 adspectu,
477 1456 578 1523 livido
604 1457 691 1523 intus
717 1456 834 1535 colore,
866 1455 984 1522 rimosa
1007 1457 1096 1536 stria,
1125 1459 1245 1545 pallido

123 1581 183 1646 per
211 1557 367 1624 ambitum
388 1557 488 1624 labro.
520 1555 595 1624 Non
617 1568 693 1623 sunt
714 1557 794 1622 haec
815 1557 848 1621 in
871 1557 1075 1640 quibusdam,
1105 1559 1244 1645 siccique
1258 1573 1291 1620 aa

124 1671 156 1725 et
176 1658 262 1724 veris
292 1657 413 1725 similes
434 1657 532 1723 veluti
554 1669 663 1746 guttas
684 1657 719 1723 in
741 1657 860 1723 vertice
882 1658 972 1724 albas
994 1680 1035 1725 ex
1057 1660 1165 1727 tunica
1186 1683 1245 1727 sua

123 1771 257 1848 geruut3
279 1760 405 1824 volvam
419 1758 504 1824 enim
520 1771 605 1825 terra
624 1758 666 1825 ob
680 1759 740 1824 hcc
755 1759 844 1845 prius
865 1758 982 1845 gignit,
1004 1758 1111 1846 ipsum
1132 1773 1246 1848 postea

123 1862 157 1926 in
185 1860 292 1938 volva,
321 1882 380 1924 ceu
407 1860 441 1924 in
463 1881 524 1925 ovo
547 1870 595 1926 est
615 1860 747 1926 luteum.
779 1859 850 1926 Neo
871 1861 997 1927 tunicae
1018 1860 1122 1927 minor
1142 1863 1246 1949 gratia

124 1962 157 2026 in
184 1961 256 2029 cibo
275 1961 410 2057 infantis
432 1960 546 2039 boleti;
574 1960 736 2047 rumpitur
757 1959 835 2025 haee
856 1960 962 2046 primo
984 1973 1148 2042 nascente,
1169 1986 1244 2029 mox

123 2064 324 2129 increscente
344 2063 378 2128 in
399 2062 540 2148 pediculi
562 2083 681 2148 eorpus
702 2061 891 2140 absumitur,
919 2085 992 2129 raro
1013 2085 1165 2148 umquam
1186 2086 1244 2153 ge·

124 2161 219 2230 minis
247 2186 288 2230 ex
313 2186 379 2230 uno
407 2163 500 2250 pede.
535 2160 640 2249 Origo
667 2161 771 2249 prima
796 2185 959 2247 causaque
982 2185 1000 2230 e
1020 2163 1096 2230 limo
1117 2175 1151 2231 et
1171 2185 1244 2233 aee·
1258 2178 1291 2226 at

126 2275 235 2331 scente
251 2287 329 2331 suco
343 2264 502 2331 madentis
524 2272 627 2329 terrae
649 2274 706 2329 aut
725 2264 842 2330 radicis
864 2264 932 2331 fere
953 2265 1161 2352 glandiferae,
1183 2265 1245 2332 ini·

126 2366 235 2451 tioque
262 2387 377 2452 spuma
402 2365 528 2444 lentior,
558 2365 634 2432 dein
662 2387 779 2452 corpus
801 2364 1005 2433 membranae
1028 2367 1140 2445 simile,
1169 2388 1245 2433 mox

125 2477 249 2554 partus,
271 2477 308 2533 ut
328 2467 488 2546 diximum
516 2467 572 2533 illa
592 2466 789 2553 pernicialia,
818 2488 950 2552 prorsus
971 2467 1189 2554 inprobanda3
1218 2467 1245 2535 si

127 2567 280 2657 caligaris
305 2557 556 2635 elavos'ferrive
583 2567 691 2651 aliqua
711 2565 828 2652 robigo
846 2576 902 2631 aut
923 2566 1021 2652 panni
1043 2589 1166 2634 marcor
1186 2569 1245 2634 ad·

125 2667 223 2735 luerit
244 2669 398 2748 nascenti,
425 2690 553 2735 omnam
579 2666 664 2735 illico
687 2688 801 2733 sucum
822 2666 959 2733 alienum
982 2688 1191 2754 saporemque
1211 2670 1246 2734 in

127 2804 203 2870 mas.)
229 2805 442 2869 affirbniffld.
469 2806 528 2857 nitri
538 2801 697 2872 aimileafir.
716 2846 747 2856 ..
765 2803 940 2868 selcartvd.
967 2805 1039 2856 aelati
1049 2813 1151 2868 cunctas,
1164 2807 1194 2859 T.
1214 2846 1245 2856 .-

125 2880 207 2938 patiar
221 2873 306 2924 aarum
319 2873 431 2925 albaria
449 2874 580 2937 lamii.
601 2913 630 2923 ..
650 2871 752 2935 odram,
768 2867 828 2924 OV.
847 2914 878 2923 -
899 2872 974 2938 priua,
992 2889 1042 2924 orn.
1058 2875 1090 2925 R.
1110 2914 1140 2923 -
1167 2872 1246 2937 valva,

126 2939 211 2991 V.-
230 2940 352 3003 cea,Vd.
374 2942 455 3005 ec,B.
475 2982 505 2992 -
528 2940 660 3003 miror‚V.
681 2980 712 2991 ..
731 2939 847 3006 imitatas,
864 2943 896 2992 R.
915 2981 945 2991 -
970 2940 1120 3001 increscente,
1136 2935 1246 2993 OVTd.

127 3015 249 3068 rreaemtc,
261 3009 293 3059 Κ
312 3008 400 3062 Omitt.
412 3005 470 3072 Rss.
490 3050 521 3059 -
539 3007 564 3058 ia
573 3006 685 3073 pediculi,
697 3008 781 3059 vri.
803 3007 829 3058 ia
838 3006 957 3072 peduculi,
969 3008 1000 3058 R.
1023 3007 1047 3056 ia
1056 3006 1174 3073 pediculo,
1186 3003 1245 3071 Κβ.

124 3073 241 3140 padr'ealo,
257 3069 286 3127 θ.
306 3117 336 3126 -
354 3093 412 3127 raro
423 3092 541 3194 amptum,
553 3077 586 3127 Κ.
607 3091 687 3125 rarum
699 3090 817 3139 umquam,
829 3072 959 3142 avuap.
982 3091 1063 3125 raram
1075 3091 1202 3139 nunquam,
1214 3076 1245 3128 Τ.

126 3156 208 3192 rarum
221 3158 241 3203 e,
254 3156 283 3208 φ.
309 3159 392 3194 raram
403 3151 445 3207 eat,
474 3181 481 3194 .
509 3138 799 3208 raroqucanqaamfir.
826 3157 965 3207 raramque,
978 3142 1091 3194 Gronov.
1117 3144 1158 3194 De
1174 3142 1245 3194 loen·

126 3210 196 3261 done
212 3226 270 3260 raro
285 3227 395 3275 umquam
410 3226 434 3262 r.
453 3211 583 3277 Spalding.
601 3211 633 3262 ad
650 3210 754 3272 Quintil.
772 3210 820 3261 IV.
834 3215 857 3272 1,
871 3217 895 3261 4.
914 3249 944 3260 ..
971 3209 1071 3275 pernicia
1087 3225 1123 3274 ea,
1139 3211 1245 3276 BVdp.

125 3277 232 3342 pominus
241 3278 341 3343 pemiat'a
352 3295 389 3341 aa,
401 3275 426 3328 d.
442 3278 531 3344 pomini
542 3294 578 3339 aa,
590 3279 623 3329 K.
639 3276 752 3342 petrinus,
765 3277 879 3329 Gronov.

150 3346 229 3461 &a
251 3353 402 3406 maccam,
413 3348 446 3398 K.
466 3343 622 3425 -qul'w,
633 3344 668 3396 V.
688 3385 718 3394 -
739 3342 903 3424 praadjserae,
914 3345 945 3395 R.
967 3342 1075 3410 panda,
1088 3342 1144 3398 vd.
1162 3387 1193 3399 ..
1211 3346 1245 3397 ai-

126 3426 148 3460 m
214 3427 252 3472 ea,
261 3413 294 3463 V.
307 3454 339 3464 ..
355 3420 442 3478 partas
452 3421 479 3464 at
490 3411 599 3473 daminus,
608 3429 628 3464 r.
643 3419 736 3476 partas.
753 3412 787 3463 Ut
796 3410 905 3474 dmtmus,
915 3409 1047 3478 uvdssr.
1064 3415 1104 3466 At
1114 3415 1159 3466 illa
1169 3415 1246 3466 rerba

125 3479 270 3531 referuntur
283 3482 316 3531 ad
328 3482 467 3532 novlsrdma
478 3481 555 3532 verba
566 3480 717 3546 paragraphi
729 3481 868 3544 proximae.
895 3478 962 3538 Quae
974 3477 1085 3543 dirimas,
1097 3482 1129 3532 Κ.
1148 3522 1179 3531 -
1201 3480 1246 3531 atla

122 3544 277 3610 muralia,
294 3548 343 3599 Br.
367 3546 504 3612 peraieilia,
521 3548 553 3598 Κ
580 3545 624 3597 illa
636 3545 746 3611 parnasii
760 3544 910 3610 alia‚Vdp.
937 3546 981 3596 iila
995 3547 1244 3612 permittitalia,'l¹d.

125 3611 171 3663 ilia
182 3613 300 3678 permixti
314 3613 375 3674 alia,
393 3629 423 3680 φ.
449 3614 494 3666 illa
506 3614 621 3679 penaiati
635 3613 705 3676 aliae,
722 3610 746 3663 d.
769 3653 800 3664 ..
825 3628 925 3677 proram
940 3613 1110 3680 improbaad03
1131 3630 1178 3680 pro
1195 3617 1245 3667 hac

126 3678 273 3760 foedissima
287 3682 482 3760 interpolatione
499 3682 596 3733 codices
611 3683 689 3797 lonpe
704 3680 754 3760 alia
769 3682 898 3760 exhibent.
921 3680 1045 3747 motandi
1053 3681 1113 3745 alia,
1125 3685 1157 3736 R
1183 3680 1247 3748 quad

122 3745 245 3812 probanda
260 3746 320 3811 olm,
338 3747 395 3801 Vd.
424 3747 489 3814 qaod
501 3746 621 3814 mobaadt
637 3764 690 3798 aaa
706 3746 777 3810 aliar,
794 3750 848 3800 Td.
878 3747 922 3798 illa
936 3765 1035 3814 proram
1051 3749 1195 3815 ablepaada,
1210 3751 1244 3803 K.

126 3814 200 3866 Nihil
211 3817 305 3867 horum
322 3817 419 3868 habent
429 3814 484 3883 τδρ
489 3831 519 3882 φ.
541 3814 593 3866 Illa
600 3814 746 3880 pernicialia
757 3831 818 3880 qaae
827 3814 948 3881 probandi
957 3815 1011 3866 olea
1020 3822 1038 3878 i,
1051 3816 1177 3883 lironem
1193 3818 1245 3870 alia

126 3891 258 3934 tentarant
268 3883 337 3935 Piut.
347 3893 372 3935 et
381 3884 489 3937 Salmas.
502 3886 533 3935 de
545 3885 606 3948 hyle
615 3899 639 3948 p.
650 3889 707 3936 204.
718 3883 742 3934 b.
752 3883 781 3935 C.
799 3884 837 3936 At
847 3899 941 3949 magua
951 3899 1009 3950 pars
1021 3885 1096 3937 buius
1108 3897 1133 3937 et
1144 3886 1244 3936 initium

126 3950 255 4014 sequentis
270 3952 423 4018 paragraphi
440 3953 502 4002 mire
518 3959 556 4003 est
573 3961 732 4015 comuptum,
751 3961 777 4001 et
793 3952 847 4003 sine
863 3953 996 4002 meliorum
1015 3954 1131 4003 codicum
1147 3953 1244 4005 auxilio

125 4018 169 4068 vix
186 4017 282 4082 aliquid
297 4020 554 4084 proficipcsseputo.
573 4058 604 4067 ..
631 4015 787 4082 sicaliqaris,
799 4035 819 4070 r.
839 4018 868 4068 ‘ai
878 4018 988 4084 calipari,
1001 4021 1031 4070 R.
1058 4017 1138 4068 amali
1152 4018 1198 4081 ari,
1209 4018 1244 4070 V.

125 4082 282 4150 eieallipari‚
295 4086 348 4136 Τά.
371 4085 436 4136 acca
448 4085 593 4152 liparipp.
617 4083 728 4134 aiacoeri
742 4083 825 4149 arad.
852 4085 943 4135 sienim
956 4084 1077 4149 salucra,
1090 4087 1115 4136 Κ
1145 4099 1170 4150 r.
1195 4086 1244 4139 Oe·

126 4160 209 4203 terum
226 4153 470 4216 v.Dioscor.4,83.
491 4193 521 4203 -
550 4152 636 4213 clavati
653 4154 708 4204 RV
730 4168 784 4218 ρφ.
811 4151 892 4215 abab,
909 4153 962 4203 Τὰ.
989 4151 1077 4213 eloam,
1093 4149 1192 4218 Κτβγ.
1211 4193 1243 4204 ..

125 4217 222 4282 ferrive,
239 4222 312 4270 codd.
326 4220 382 4272 Gel.
400 4219 471 4285 ferri
480 4219 524 4284 vel,
541 4221 653 4272 livre.
676 4260 707 4270 ..
734 4220 814 4285 affuit,
831 4221 861 4271 Τ.
879 4259 911 4270 ...
937 4234 1025 4268 omnent
1041 4217 1112 4284 illico,
1129 4220 1243 4273 RVKd.

126 4283 223 4336 Etenim
240 4284 298 4349 illic,
314 4302 334 4338 r.
358 4328 389 4340 ...
415 4303 510 4338 suoram
526 4287 552 4339 ia
568 4284 670 4338 maara
685 4301 793 4351 soporem
808 4293 879 4350 atquc
894 4301 1004 4336 mam
1019 4287 1148 4351 maroqoit,
1159 4287 1192 4340 Κ.
