2754 4726
153 282 213 349 152
503 296 707 343 sarnanum
729 294 923 343 ursroursn

152 451 277 537 spicae,
300 448 357 532 qui
371 446 416 512 'ut
437 470 528 534 spem
551 447 601 512 sui
623 446 717 526 fecit,
740 456 891 532 quattuor
911 456 968 513 aut
988 446 1129 531 quinque
1152 445 1288 512 tardis···

151 551 232 617 sime
259 549 373 615 diebus
398 549 511 615 florere
537 549 693 635 incipiunt
714 548 909 632 totidemque
930 559 986 613 aut
1006 547 1101 635 paulo
1123 547 1271 634 pluribus

151 652 376 730 deflorescunt,
410 649 531 716 hordea
562 671 639 716 vero
672 672 745 715 cum
777 649 957 715 tardissime
989 660 1124 736 septem.
1165 649 1272 716 Varro

151 764 265 839 quater
291 750 423 818 novenis
451 751 563 817 diebus
589 750 702 839 fruges
730 749 855 815 absolvi
881 750 978 815 tradit
1003 760 1036 816 et
1056 772 1166 816 mense
1186 764 1300 815 nono·

151 852 239 920 meti.
261 850 373 919 Fabae
395 852 430 918 in
451 852 530 919 folia
551 863 669 918 exeunt
690 873 728 921 ac
749 851 866 916 deinde
887 851 1009 916 caulem
1031 851 1181 918 emittunt
1201 851 1272 916 nul·
1285 868 1319 915 57

151 955 191 1023 lis
213 954 401 1037 distinctum
420 952 618 1020 internodiis.
646 952 783 1037 Reliqua
809 952 971 1040 legumina
993 942 1158 1018 surculosa
1179 964 1271 1030 sunt3

133 1078 195 1121 ex
214 1054 265 1120 his
280 1044 412 1119 ‘ramosa
432 1053 532 1133 cicer,
554 1075 680 1132 ervom,
703 1052 782 1118 lens.
813 1049 1027 1132 Quorundam
1049 1054 1157 1119 caules
1179 1075 1273 1140 spar-

152 1166 274 1243 guntur
294 1154 329 1219 in
351 1165 488 1232 terram,
512 1155 538 1219 si
559 1177 625 1219 non
645 1152 784 1218 habeant
797 1153 1039 1232 adminiculum,
1061 1165 1098 1218 ut
1110 1154 1254 1240 pisorum
1260 1178 1271 1231 ς

151 1257 240 1343 quod
261 1255 374 1321 sinon
393 1255 549 1334 habuere,
578 1255 734 1320 deteriora
754 1253 843 1319 fiunt.
876 1254 1093 1343 Leguminum
1115 1255 1273 1322 unicaulis

152 1357 229 1425 faba
254 1357 337 1436 sola,
367 1379 451 1422 unus
480 1366 513 1422 et
538 1355 674 1442 lupinis,
712 1356 769 1421 sed
795 1355 911 1421 ceteris
936 1379 1081 1423 ramosus
1105 1357 1274 1444 praetenui

153 1458 300 1538 surculo,
322 1456 470 1523 omnibus
492 1479 568 1522 vero
589 1457 762 1522 fistulosus.
785 1455 913 1523 Folium
931 1459 1089 1542 quaedam
1110 1459 1150 1525 ab
1164 1458 1273 1529 radice
1286 1472 1320 1518 sa

152 1561 299 1640 mittunt,
327 1559 486 1643 quaedam
513 1582 533 1622 a
554 1559 727 1624 cacumine.
759 1556 971 1624 Frumentum
993 1568 1025 1625 et
1045 1557 1200 1625 hordeum
1221 1559 1272 1624 vi-

153 1663 266 1746 ciaque
288 1670 321 1726 et
341 1659 498 1744 quidquid
519 1659 553 1722 in
575 1659 694 1744 stipula
716 1667 778 1736 est,
800 1659 834 1722 in
856 1660 1019 1726 cacumine
1040 1683 1140 1725 unum
1160 1658 1272 1726 folium

151 1761 265 1836 habet3
299 1760 357 1824 sed
376 1760 497 1825 hordeo
518 1757 632 1824 scabra
654 1771 743 1836 sunt,
773 1760 887 1824 ceteris
908 1761 1006 1840 levia3
1029 1808 1122 1826 .....
1130 1808 1140 1840 ,
1162 1761 1273 1828 multi-

152 1863 217 1927 fida
238 1872 349 1926 contra
377 1861 468 1939 faba,
498 1861 598 1938 cicer,
626 1860 742 1946 pisum.
779 1859 967 1927 Frumentis
987 1862 1098 1927 folium
1118 1861 1273 1926 harundi-

78 2033 81 2037 ,
153 1985 306 2041 naccum,
329 1961 424 2028 fabae
443 1962 580 2028 rotunda
600 1973 632 2026 et
646 1984 781 2050 magnae
795 1963 992 2048 leguminum
1006 1963 1107 2050 parti,
1129 1962 1276 2049 longiora

116 2092 119 2097 ’
153 2064 283 2128 erviliae
299 2074 331 2128 et
344 2063 432 2148 piso,
454 2062 607 2150 phasiolis
621 2085 757 2141 venosa,
781 2063 915 2128 sesimae
931 2074 963 2128 et
976 2063 1071 2128 irioni
1086 2063 1274 2152 sanguinea.

154 2163 285 2230 Cadunt
310 2164 387 2230 folia
414 2165 526 2249 lupino
553 2173 675 2228 tantum
704 2175 736 2228 et
761 2165 930 2250 papaveri3
959 2165 1123 2253 legumina
1152 2165 1275 2232 diutius
1289 2179 1322 2225 sa

151 2263 267 2329 florent
299 2274 330 2328 et
356 2287 397 2328 ex
424 2264 476 2329 his
502 2287 610 2330 ervom
637 2287 675 2330 ac
704 2264 803 2342 cicer,
842 2266 898 2330 sed
925 2266 1102 2331 diutissime
1128 2266 1204 2332 faba
1228 2249 1276 2330 xi.

154 2362 284 2443 diebus,
307 2373 500 2429 nouantem
523 2364 641 2452 singuli
664 2366 754 2451 scapi
771 2366 907 2443 tamdiu,
931 2367 1081 2451 quoniam
1103 2366 1164 2432 alio
1185 2365 1276 2432 desi-

151 2476 248 2531 neate
275 2465 356 2531 alius
382 2465 508 2552 incipit,
537 2487 597 2531 nec
629 2476 696 2532 tota
723 2489 816 2554 seges
846 2467 930 2532 sicut
955 2468 1106 2532 frumenti
1132 2467 1274 2552 pariter3

154 2567 342 2651 siliquantur
370 2588 445 2631 vero
473 2567 579 2632 omnia
605 2566 742 2632 diversis
768 2567 882 2634 diebus
912 2579 944 2633 et
970 2569 1011 2634 ab
1039 2568 1103 2634 ima
1134 2568 1276 2653 primum

151 2677 261 2755 parte,
288 2667 443 2754 paulatim
469 2669 547 2734 flore
579 2668 745 2741 subeunte.
775 2667 956 2734 Frumenta
985 2691 1057 2736 cum
1086 2669 1276 2755 defloruere,
1289 2683 1325 2730 ⁶0

187 2859 248 2905 quae
257 2850 288 2904 ut,
297 2844 401 2893 Pint...
413 2859 474 2905 vero,
484 2859 507 2892 a.
519 2844 606 2894 Omitt.
616 2846 669 2894 Td.
678 2885 709 2892 ..
726 2843 805 2894 Varro
817 2845 883 2892 dere
894 2851 955 2893 rust.
968 2850 990 2904 l,
1000 2848 1050 2903 32,
1058 2844 1102 2892 ubi
1109 2858 1133 2892 v.
1143 2842 1275 2905 sauneio„

152 2911 229 2974 plane
245 2912 310 2960 alios
322 2925 442 2961 numeros
454 2911 565 2961 exhibet.
594 2920 628 2959 ter
640 2908 763 2974 quindenis
779 2911 820 2960 vel
831 2910 955 2974 quinquies
966 2910 1069 2972 novemb,
1080 2911 1147 2960 Pint.
1165 2907 1276 2972 quodra-

151 2977 217 3043 peresis
229 2977 314 3040 quinis,
326 2979 410 3028 Ursin.
424 2980 455 3028 ad
466 2980 541 3028 Varr.
562 3020 592 3028 ..
602 2979 699 3042 stupes,
711 2994 760 3028 orn.
774 2980 810 3028 d¹.

186 3072 253 3133 §tt
272 3069 358 3131 caules,
374 3063 424 3120 O-d.
445 3112 475 3120 -
498 3069 652 3133 nullir,a²d.
675 3069 808 3130 uultmat
832 3070 857 3118 in
869 3068 947 3131 nullis,
959 3072 990 3120 T.
1014 3067 1201 3132 mutianum.
1214 3070 1275 3122 Om.

151 3138 232 3199 Pint.;
250 3147 276 3186 at
287 3152 311 3186 v.
324 3137 443 3188 Schneid.
456 3142 488 3189 ad
500 3139 630 3204 Theophr.
642 3139 701 3189 hist.
713 3139 793 3202 plant.
805 3138 881 3187 VIII.
894 3144 918 3198 3,
931 3143 954 3187 2.
968 3177 1000 3187 -
1021 3135 1174 3194 Quorundam
1185 3135 1275 3199 caules,

153 3205 284 3266 Theophr.
296 3206 313 3252 l.
326 3206 343 3252 l.
356 3206 432 3254 VIII.
445 3213 469 3267 3,
482 3213 555 3281 2..-
575 3206 697 3271 peiorum
714 3203 778 3270 quod
787 3204 810 3254 si
820 3221 878 3267 non3
896 3220 942 3270 pro
958 3206 998 3254 his
1014 3219 1054 3253 vv.
1067 3206 1162 3254 habent
1175 3204 1276 3268 priscam

153 3293 208 3341 dnm
224 3292 334 3355 nisiDa
348 3283 520 3357 piscanduntri
535 3301 560 3348 d.
588 3339 620 3348 -
647 3307 690 3347 uut
705 3298 835 3357 deteriora,
853 3299 899 3347 ad.
925 3297 1064 3361 vulgatum
1081 3312 1115 3347 ex
1131 3298 1276 3363 archetypo

153 3367 271 3423 corrupto
284 3376 340 3410 esse
351 3363 531 3424 interpolatam
547 3367 641 3413 nemini
654 3367 769 3414 codicum
781 3366 903 3415 lectiones
913 3365 1020 3414 intuenti
1033 3365 1136 3414 dubium
1149 3380 1204 3416 esse
1215 3374 1275 3429 pot·

153 3439 199 3479 est.
216 3429 291 3489 Plin.‚
309 3429 357 3478 nisi
376 3430 476 3490 egregie
488 3428 575 3488 fallor,
591 3431 733 3493 scripserat:
754 3440 900 3495 sperquntur
915 3433 940 3481 in
956 3439 1051 3493 mnam,
1068 3431 1092 3480 si
1106 3448 1152 3480 aon
1169 3431 1277 3482 micant

153 3493 319 3545 adminiculum
332 3503 357 3542 ut
368 3496 507 3558 apricantur
511 3513 520 3555 ,·
537 3496 585 3544 nisi
594 3496 697 3545 habuere
698 3533 809 3557 .......
822 3507 866 3546 aut
876 3497 1070 3561 dete-iorufiunt.
1088 3499 1188 3549 Puncta
1199 3516 1215 3550 a
1226 3516 1275 3550 no-

153 3566 192 3615 bis
204 3564 289 3627 posita
300 3564 412 3612 indicant
423 3565 572 3613 sententiam
585 3580 601 3612 a
611 3565 735 3627 particula
747 3573 789 3612 eut
804 3566 973 3630 incipientem,
989 3580 1054 3629 qnae
1065 3566 1122 3628 ipsa
1134 3566 1226 3628 effecit,
1245 3576 1276 3619 ut

152 3632 269 3683 librarius
285 3631 414 3694 archetypi
431 3631 511 3680 oculis
523 3631 673 3680 adulterum
686 3640 728 3679 aut
738 3635 856 3683 aberrans
867 3634 938 3683 illam
950 3634 1090 3691 omitterem
1108 3635 1184 3683 verbo
1196 3633 1278 3697 apisci

152 3701 219 3751 Plin.
231 3714 292 3748 usus
304 3705 343 3747 est
354 3699 431 3746 etiarn
443 3703 482 3756 ³5,
497 3701 536 3749 78.
555 3737 586 3748 -
613 3697 661 3760 sed,
679 3700 715 3749 ita
730 3716 776 3750 uos
794 3701 944 3764 scripsimus.
971 3708 1005 3762 et,
1022 3701 1093 3751 Tad.
1111 3701 1200 3750 Omitt.
1217 3697 1242 3762 β
1247 3717 1274 3767 γ.

152 3765 242 3832 lupinis
248 3765 377 3828 praetenui
386 3764 486 3825 surculo,
499 3764 581 3814 ceteris
592 3782 706 3828 ramosus,
718 3768 785 3818 Pint.
804 3809 835 3818 ..
845 3766 972 3832 fistulosis,
984 3769 1028 3818 ad.

187 3853 255 3915 §5⁸-
273 3849 432 3911 Frumentum,
444 3852 487 3899 ad.
514 3850 664 3899 Frumentum
677 3868 739 3913 vero,
755 3866 780 3916 γ.
801 3894 831 3901 -
854 3851 967 3915 viciaque,
983 3856 1034 3904 duo
1047 3853 1121 3902 codd.
1133 3853 1212 3902 Hard.
1238 3853 1274 3902 vi·

152 3920 241 3981 tiaque,
253 3933 272 3965 r.
291 3915 425 3978 uitiumque,
437 3934 459 3966 a.
477 3917 600 3982 utrimque,
613 3919 665 3968 Td.
684 3927 812 3982 utrumque,
824 3914 853 3980 β.
873 3960 904 3969 ..
922 3919 1041 3983 quicquid,
1053 3936 1076 3969 a.
1096 3959 1128 3968 ..
1145 3918 1275 3982 multifido,

151 3987 246 4038 itauos
259 3985 410 4048 scripsimus.
433 3983 563 4046 maleficia,
576 3987 620 4035 ad.
644 3985 790 4050 multiplicia,
806 3983 856 4050 βγ.
880 3986 999 4038 Ceterum
1015 3988 1075 4036 huic
1089 3987 1275 4037 vociaPlinio

148 4053 290 4115 praemissa
301 4061 372 4102 erant
384 4052 508 4115 simplicia
518 4053 559 4102 rel
571 4054 654 4104 solida
664 4057 843 4105 nonnullarum
856 4054 998 4117 plantarum
1011 4054 1080 4114 folia,
1097 4055 1166 4116 quod
1185 4055 1274 4106 claris·

147 4123 215 4170 sime
232 4122 307 4168 docet
322 4119 467 4169 adverbium
484 4128 565 4168 contra
582 4122 654 4171 aliter
668 4123 822 4186 ineptissime
838 4123 962 4184 positum
981 4123 1041 4171 hinc
1052 4123 1158 4172 lacunas
1170 4123 1276 4184 signum

148 4187 234 4247 posui.
254 4226 283 4236 ,.
301 4187 367 4250 fobe
379 4185 440 4236 cicer
447 4186 534 4251 pisum,
547 4189 598 4239 Td.
617 4189 669 4251 feb
684 4189 745 4238 cicer
756 4189 842 4252 pisum,
860 4205 882 4239 a.
900 4189 988 4252 sabae,
1001 4183 1211 4253 eiceri,pito,ss7.
1230 4191 1275 4240 Ex
