2754 4726
330 277 399 323 nrn.
415 277 488 323 xv1.
519 275 596 323 cnr.
612 276 710 323 ων.
725 276 811 324 xxv.
839 273 937 349 sqcr.
953 276 1034 319 mu.
1194 256 1235 325 26

127 452 200 495 nem
222 428 333 495 rustici
353 438 483 506 vocent,
509 427 668 517 gestiente
694 437 808 492 nature
829 427 950 492 semino
969 427 1113 512 oooipere
1135 426 1235 509 euque

128 531 267 597 enimam
287 531 409 597 ferente
431 528 579 596 omnibus
608 529 693 595 setis.
712 576 716 589 .
733 526 927 613 Conoipiunt
951 528 1048 594 variis
1069 527 1237 594 diebus'et
1274 596 1277 603 ,

127 655 187 719 pro
209 653 269 699 suu
288 653 434 716 quaeque
456 642 578 710 nature,
607 631 669 697 olio
688 632 847 717 protinus,
869 642 905 694 ut
925 629 1086 707 animulis,
1115 627 1237 723 tardius

127 731 236 817 ulique
263 742 296 798 et
323 733 444 797 diutius
473 732 607 819 gravide
632 742 744 819 pertus
772 741 905 819 gerunt,
939 731 1024 815 quod
1050 729 1237 817 germinatio

127 834 201 900 ideo
229 845 378 913 vooutur3
412 835 540 921 pariunt
565 857 641 901 vero
668 858 742 901 eum
768 834 883 899 florent
907 833 1030 917 flosque
1056 832 1108 897 ille
1135 831 1238 918 ruptis

129 945 256 1002 oonstet
275 935 436 1014 utrioulis3
467 936 524 1003 sed
551 935 698 1002 eduootio
719 936 753 1000 in
775 944 872 1022 pomo'
892 944 958 1010 est;
987 933 1046 1000 hoo
1068 943 1100 1000 et
1120 932 1238 1021 germi-

127 1037 229 1116 natio,
251 1037 406 1104 laborum.

172 1140 225 1204 40.
249 1138 331 1204 Flos
352 1148 401 1205 est
420 1138 506 1225 pleni
527 1139 612 1205 veris
632 1138 785 1204 indicium
805 1151 838 1205 et
858 1139 933 1204 unni
953 1140 1158 1217 renosoentis‚
1178 1135 1239 1203 flos
1252 1153 1284 1200 ut
1370 1209 1373 1217 ¹

128 1241 285 1330 goudium
306 1240 464 1306 arborum.
486 1239 579 1306 Tune
601 1262 636 1306 se
657 1262 757 1306 novos
778 1241 918 1326 aliusque
931 1264 1027 1325 quem
1042 1252 1116 1307 eunt
1129 1249 1239 1307 osten·

129 1343 227 1420 dunt,
257 1353 333 1406 tune
353 1341 450 1407 variis
472 1342 612 1408 colorum
634 1341 767 1428 picturis
788 1343 822 1406 in
843 1354 1000 1408 certamen
1021 1365 1124 1428 usque
1144 1343 1240 1408 luxu·

128 1442 226 1508 riano
264 1440 330 1508 Sed
350 1443 412 1509 hoe
431 1453 582 1531 negatum
602 1442 763 1529 plerisque
769 1468 778 1520 3
800 1467 862 1510 nou
885 1445 969 1510 enim
989 1468 1098 1511 omnes
1117 1444 1240 1523 florent,

130 1554 167 1610 et
188 1554 262 1608 sunt
283 1544 391 1610 tristes
413 1567 556 1629 quaeque
577 1568 640 1611 non
662 1545 800 1610 sentiant
820 1546 939 1634 gaudie
959 1568 1124 1610 annorum.
1159 1543 1241 1611 Nom

128 1667 237 1730 neque
258 1645 338 1724 ilex,
365 1646 471 1733 pieeo,
492 1648 586 1725 larix,
613 1647 709 1734 pinus
731 1647 796 1713 ullo
816 1647 894 1713 flore
916 1647 1129 1722 exhilarentur
1150 1655 1241 1711 netu-

129 1746 215 1815 lisve
234 1770 401 1833 pomorum
421 1770 542 1814 annuos
562 1748 748 1814 versicolori
769 1750 881 1818 nuntio
896 1750 1093 1835 promittunt,
1115 1771 1175 1815 nee
1188 1747 1241 1814 fioi

129 1858 230 1932 utque
251 1849 406 1935 oeprifioi3
428 1849 574 1936 protinus
595 1849 679 1914 enim
701 1850 839 1916 frustum
861 1874 919 1937 pro
939 1851 1016 1917 flore
1034 1851 1181 1938 gignunt.
1202 1849 1242 1914 In
1255 1864 1287 1911 ue

129 1949 203 2015 fiois
228 1951 387 2016 mirabiles
416 1962 491 2016 sunt
517 1960 548 2016 et
572 1950 703 2016 ebertus
729 1950 784 2035 qui
809 1973 982 2036 numquam
1010 1960 1242 2028 maturescunt3

130 2046 194 2117 neo
214 2052 350 2138 iuniperi
370 2051 494 2119 florent.
518 2050 657 2133 Quidem
679 2074 788 2117 earum
810 2052 876 2123 duo
897 2076 1015 2140 genera
1029 2053 1174 2119 tradunt:
1197 2052 1242 2118 nl·

131 2165 236 2219 terem
255 2154 368 2221 florere
389 2177 448 2220 neo
469 2155 560 2233 ferre,
584 2176 666 2239 quoe
689 2177 764 2220 vero
783 2177 847 2220 non
861 2154 981 2234 florent,
1004 2157 1086 2222 ferre
1100 2155 1244 2244 protinus

131 2254 223 2319 brois
251 2254 455 2321 nascentibus
491 2278 573 2340 quae
600 2255 728 2321 biennio
756 2256 926 2332 haereant3
963 2258 1021 2324 sed
1051 2258 1086 2323 id
1116 2258 1243 2336 fulsum,

131 2355 345 2441 omnibusque
366 2356 416 2422 his
437 2358 518 2423 dure
539 2356 639 2423 facies
662 2380 796 2444 semper.
826 2355 881 2424 Sio
903 2370 936 2425 et
954 2358 1116 2425 hominum
1136 2358 1244 2424 multis

130 2455 265 2522 fortune
287 2457 355 2523 eine
375 2457 451 2525 flore
474 2469 531 2524 est.

176 2558 229 2646 41.
253 2556 391 2625 *Omnes
423 2568 527 2625 autem
559 2561 754 2646 germinent,
787 2562 882 2626 etiem
912 2584 994 2646 quae
1025 2586 1089 2629 non
1120 2562 1243 2638 florent,
1257 2574 1289 2620 97

130 2681 254 2747 magua
275 2670 307 2726 et
328 2661 468 2727 loeorum
485 2660 674 2742 differentia,
698 2662 816 2748 quippe
839 2686 912 2728 oum
933 2686 973 2728 ex
995 2665 1106 2729 eodem
1127 2685 1244 2752 genere

131 2783 219 2846 quoe
241 2763 369 2827 suntin
389 2761 585 2848 palustribus
605 2763 712 2850 priore
733 2765 925 2851 germinent,
948 2787 1023 2830 mox
1044 2763 1244 2849 campestris,

130 2862 311 2929 novissima
332 2863 365 2928 in
386 2863 473 2930 silvie
481 2888 490 2940 3
512 2887 578 2950 per¹
593 2887 626 2930 se
641 2876 749 2930 autem
762 2865 884 2931 tordius
898 2866 960 2950 piri
975 2867 1135 2930 silvestres
1150 2887 1245 2949 quom

132 2975 253 3030 cetere.
275 2963 384 3037 Primo
401 2965 527 3032 favonio
550 2989 675 3044 cornus,
697 2964 854 3052 proxume
873 2967 983 3031 laurus
1003 2965 1160 3052 pauloque
1173 2977 1245 3033 ente

132 3065 373 3148 aequinoctium
396 3066 479 3145 tilia,
506 3091 593 3146 acer,
615 3067 697 3132 inter
718 3068 837 3153 primus
859 3089 934 3132 vero
955 3067 1105 3154 populus,
1128 3069 1243 3148 ulmus,

131 3253 191 3304 dim
206 3251 297 3318 alequa,
313 3257 378 3307 Pint.
397 3299 428 3306 ..
453 3264 556 3320 eperunt,
567 3273 586 3306 r.
611 3295 636 3304 -
661 3255 707 3320 ille,
722 3258 746 3306 d.
772 3255 858 3320 illes.
877 3299 908 3307 -
930 3258 1012 3323 neptis,
1025 3262 1048 3310 d.
1074 3260 1243 3324 epmmptmu.

132 3339 148 3372 e
161 3322 287 3386 prmnptie,
303 3341 323 3374 r.
341 3323 511 3388 flosqueillioo
522 3324 692 3388 ruptmexetat
707 3325 795 3376 Doleo.
814 3367 845 3376 ..
868 3326 980 3389 utriculo,
993 3330 1032 3378 dr.
1058 3328 1193 3390 utriculum
1212 3368 1243 3377 ..

130 3389 186 3452 sed,
199 3405 239 3440 ar.
258 3392 345 3443 Omitt.
358 3388 428 3455 ᾱβγ.
447 3433 478 3441 -
501 3391 616 3452 educatio,
628 3394 652 3442 d.
675 3391 795 3455 dubitaui),
809 3411 848 3444 ur.
874 3393 1010 3457 dubitatio,
1026 3387 1054 3446 θ.
1073 3438 1104 3446 ,.
1125 3395 1244 3462 perminu-

133 3456 295 3520 uiolatorum,
308 3461 379 3511 Tad.
396 3459 544 3524 permoneo.
566 3460 691 3522 Arborum,
702 3457 731 3522 β.
745 3478 823 3525 pomo.
846 3461 894 3511 Est
903 3471 927 3512 et
936 3463 979 3513 hoo
990 3472 1016 3513 ut
1025 3464 1164 3528 geminatio
1175 3464 1245 3512 urto-

132 3542 202 3588 ruru,
218 3527 251 3577 K.
276 3526 342 3579 Cum
358 3537 384 3578 et
399 3529 519 3592 scripture
534 3524 557 3590 ,θ
575 3537 601 3579 et
616 3531 738 3594 scripturo
754 3531 869 3580 codicum
888 3533 1065 3595 grammaticae
1081 3548 1133 3582 non
1148 3530 1245 3583 satisfe-

132 3595 199 3656 αἰαῖ,
217 3602 321 3659 utruque
337 3598 522 3659 quodammodo
539 3599 604 3647 inter
618 3613 645 3647 se
660 3599 805 3648 consociato
819 3599 954 3662 legendum
970 3608 1008 3650 est
1023 3599 1162 3663 germinatio
1179 3598 1246 3648 luber

133 3662 256 3712 arborum.
273 3661 333 3713 Flos
343 3663 387 3713 rel.
400 3664 458 3713 ooll.
467 3663 518 3727 flos
529 3672 564 3714 est
572 3663 685 3729 pendium
697 3667 805 3715 ortorum
817 3665 831 3726 ἓ
844 3672 884 3718 95.

171 3749 240 3812 595.
263 3746 407 3812 plerumque,
418 3766 439 3798 r.
457 3790 487 3799 ..
510 3751 638 3811 nonenim,
656 3753 679 3801 d.
706 3750 864 3812 romanique
891 3768 946 3800 uam
963 3767 1015 3812 uec,
1031 3769 1050 3802 r.
1070 3792 1100 3801 ..
1125 3753 1244 3813 uotum.

134 3810 434 3881 mutesquuedamdssr.
453 3858 483 3867 ..
510 3833 623 3881 quaeque,
640 3834 662 3868 u.
689 3834 793 3882 quaeque
809 3826 842 3878 ut,
859 3820 883 3868 d.
902 3859 933 3868 ..
955 3819 1063 3880 renuunt,
1074 3836 1094 3870 r.
1113 3861 1145 3870 ..
1168 3819 1245 3871 Nam-

133 3884 290 4016 gisandi&
306 3900 403 3946 annuos,
415 3901 438 3935 e.
464 3901 571 3935 resume
586 3901 683 3946 aunum,
700 3882 769 3950 dssy.
789 3927 820 3936 ..
839 3902 886 3951 pro
894 3888 967 3952 flore,
982 3889 1027 3940 D2.
1045 3887 1176 3952 flure,D¹.
1194 3886 1245 3954 sto·

171 3988 374 4099 {semborum
390 4054 411 4086 r.
429 4079 459 4087 ..
483 4054 568 4097 eorum,
584 4040 620 4087 α’.
639 4079 669 4087 -
685 4037 800 4100 floreant,
817 4042 840 4089 d.
860 4079 888 4087 -
909 4042 1016 4104 protinus
1019 4041 1097 4104 serre,
1109 4043 1133 4091 d.
1152 4082 1183 4091 ..
1202 4058 1244 4090 uu-
1352 4092 1356 4098 ,

132 4097 373 4164 sceuutus‚6¹1'ed.
391 4106 587 4167 subnascentibus,
598 4100 626 4167 β.
647 4147 676 4155 -
695 4105 738 4167 hie,
751 4124 773 4156 u.
792 4106 828 4166 iis,
842 4102 915 4171 ἀβγ.
1215 4102 1219 4117 ’

151 4217 153 4221 ,
172 4186 187 4248 5
201 4188 241 4236 97.
259 4203 328 4251 quoe,
340 4205 363 4238 u.
381 4187 429 4252 qui,
443 4185 512 4253 ᾱβγ.
525 4222 554 4240 4.
575 4188 683 4249 colorum,
694 4193 717 4240 d.
731 4232 761 4240 ..
780 4207 869 4253 coruus,
881 4192 970 4243 Todr.
987 4192 1105 4256 perminot
1116 4209 1204 4252 comus,
1216 4188 1244 4254 β.
