<?xml version="1.0" encoding="UTF-8"?>
<!DOCTYPE html PUBLIC "-//W3C//DTD XHTML 1.0 Transitional//EN"
    "http://www.w3.org/TR/xhtml1/DTD/xhtml1-transitional.dtd">
<html xmlns="http://www.w3.org/1999/xhtml" xml:lang="en" lang="en">
 <head>
  <title>
</title>
<meta http-equiv="Content-Type" content="text/html;charset=utf-8" />
  <meta name='ocr-system' content='tesseract 3.04.00' />
  <meta name='ocr-capabilities' content='ocr_page ocr_carea ocr_par ocr_line ocrx_word'/>
</head>
<body>
  <div class='ocr_page' id='page_1' title='image "./cplinisecundina02grongoog_0325.png"; bbox 0 0 2754 4726; ppageno 0'>
   <div class='ocr_carea' id='block_1_1' title="bbox 147 275 921 340">
    <p class='ocr_par' dir='ltr' id='par_1_1' title="bbox 147 275 921 340">
     <span class='ocr_line' id='line_1_1' title="bbox 147 275 921 340; baseline -0.014 0"><span class='ocrx_word' id='word_1_1' title='bbox 147 275 210 340; x_wconf 78' lang='lat'>314</span> <span class='ocrx_word' id='word_1_2' title='bbox 501 285 705 332; x_wconf 69' lang='lat' dir='ltr'>seruauere</span> <span class='ocrx_word' id='word_1_3' title='bbox 727 284 921 331; x_wconf 75' lang='lat' dir='ltr'>mereamus</span> 
     </span>
    </p>
   </div>
   <div class='ocr_carea' id='block_1_2' title="bbox 110 435 1318 3057">
    <p class='ocr_par' dir='ltr' id='par_1_2' title="bbox 146 435 1318 1237">
     <span class='ocr_line' id='line_1_2' title="bbox 147 435 1318 519; baseline -0.01 -10"><span class='ocrx_word' id='word_1_4' title='bbox 147 442 212 509; x_wconf 81' lang='lat' dir='ltr'>oris</span> <span class='ocrx_word' id='word_1_5' title='bbox 244 442 352 506; x_wconf 90' lang='lat' dir='ltr'>ulcera</span> <span class='ocrx_word' id='word_1_6' title='bbox 385 447 417 503; x_wconf 90' lang='lat' dir='ltr'>et</span> <span class='ocrx_word' id='word_1_7' title='bbox 444 436 588 502; x_wconf 83' lang='lat' dir='ltr'>tonsillas</span> <span class='ocrx_word' id='word_1_8' title='bbox 621 435 843 501; x_wconf 87' lang='lat' dir='ltr'>manducatam</span> <span class='ocrx_word' id='word_1_9' title='bbox 872 444 906 499; x_wconf 89' lang='lat' dir='ltr'>ct</span> <span class='ocrx_word' id='word_1_10' title='bbox 930 443 1050 498; x_wconf 90' lang='lat' dir='ltr'>coctam</span> <span class='ocrx_word' id='word_1_11' title='bbox 1087 455 1165 498; x_wconf 87' lang='lat' dir='ltr'>suco</span> <span class='ocrx_word' id='word_1_12' title='bbox 1194 455 1276 519; x_wconf 81' lang='lat' dir='ltr'>gar·</span> <span class='ocrx_word' id='word_1_13' title='bbox 1289 459 1318 503; x_wconf 74' lang='lat' dir='ltr'>cr</span> 
     </span>
     <span class='ocr_line' id='line_1_3' title="bbox 147 526 1276 630; baseline -0.007 -23"><span class='ocrx_word' id='word_1_14' title='bbox 147 542 292 630; x_wconf 83' lang='lat' dir='ltr'>garizato</span> <span class='ocrx_word' id='word_1_15' title='bbox 325 562 398 606; x_wconf 88' lang='lat' dir='ltr'>curn</span> <span class='ocrx_word' id='word_1_16' title='bbox 430 539 524 605; x_wconf 90' lang='lat' dir='ltr'>melle</span> <span class='ocrx_word' id='word_1_17' title='bbox 553 538 679 616; x_wconf 88' lang='lat' dir='ltr'>tollere,</span> <span class='ocrx_word' id='word_1_18' title='bbox 711 536 790 601; x_wconf 89' lang='lat' dir='ltr'>item</span> <span class='ocrx_word' id='word_1_19' title='bbox 817 557 930 621; x_wconf 86' lang='lat' dir='ltr'>psoras</span> <span class='ocrx_word' id='word_1_20' title='bbox 952 543 984 599; x_wconf 89' lang='lat' dir='ltr'>et</span> <span class='ocrx_word' id='word_1_21' title='bbox 1003 535 1111 619; x_wconf 88' lang='lat' dir='ltr'>lepras</span> <span class='ocrx_word' id='word_1_22' title='bbox 1133 526 1276 613; x_wconf 81' lang='lat' dir='ltr'>veteres,</span> 
     </span>
     <span class='ocr_line' id='line_1_4' title="bbox 146 635 1275 731; baseline -0.007 -22"><span class='ocrx_word' id='word_1_23' title='bbox 146 643 250 731; x_wconf 91' lang='lat' dir='ltr'>ipsius</span> <span class='ocrx_word' id='word_1_24' title='bbox 283 642 386 708; x_wconf 90' lang='lat' dir='ltr'>tribus</span> <span class='ocrx_word' id='word_1_25' title='bbox 418 639 568 726; x_wconf 88' lang='lat' dir='ltr'>partibus</span> <span class='ocrx_word' id='word_1_26' title='bbox 601 661 674 704; x_wconf 91' lang='lat' dir='ltr'>cum</span> <span class='ocrx_word' id='word_1_27' title='bbox 701 637 827 703; x_wconf 90' lang='lat' dir='ltr'>duabus</span> <span class='ocrx_word' id='word_1_28' title='bbox 855 635 1004 701; x_wconf 80' lang='lat' dir='ltr'>aluminis</span> <span class='ocrx_word' id='word_1_29' title='bbox 1032 635 1066 698; x_wconf 92' lang='lat' dir='ltr'>in</span> <span class='ocrx_word' id='word_1_30' title='bbox 1087 645 1182 702; x_wconf 87' lang='lat' dir='ltr'>aceto</span> <span class='ocrx_word' id='word_1_31' title='bbox 1203 637 1275 701; x_wconf 91' lang='lat' dir='ltr'>acri</span> 
     </span>
     <span class='ocr_line' id='line_1_5' title="bbox 146 735 1274 830; baseline -0.011 -18"><span class='ocrx_word' id='word_1_32' title='bbox 146 745 254 812; x_wconf 83' lang='lat' dir='ltr'>inlitis</span> <span class='ocrx_word' id='word_1_33' title='bbox 277 743 492 830; x_wconf 78' lang='lat' dir='ltr'><strong>Epicharmus</strong></span> <span class='ocrx_word' id='word_1_34' title='bbox 515 740 593 806; x_wconf 88' lang='lat' dir='ltr'>satis</span> <span class='ocrx_word' id='word_1_35' title='bbox 611 759 683 805; x_wconf 89' lang='lat' dir='ltr'>esse</span> <span class='ocrx_word' id='word_1_36' title='bbox 705 761 777 804; x_wconf 90' lang='lat' dir='ltr'>eam</span> <span class='ocrx_word' id='word_1_37' title='bbox 799 749 911 805; x_wconf 88' lang='lat' dir='ltr'>contra</span> <span class='ocrx_word' id='word_1_38' title='bbox 932 736 1019 804; x_wconf 89' lang='lat' dir='ltr'>canis</span> <span class='ocrx_word' id='word_1_39' title='bbox 1040 735 1162 801; x_wconf 77' lang='lat' dir='ltr'>rabiosi</span> <span class='ocrx_word' id='word_1_40' title='bbox 1184 759 1274 802; x_wconf 89' lang='lat' dir='ltr'>mor-</span> 
     </span>
     <span class='ocr_line' id='line_1_6' title="bbox 148 838 1276 932; baseline -0.008 -19"><span class='ocrx_word' id='word_1_41' title='bbox 148 870 220 914; x_wconf 90' lang='lat' dir='ltr'>sum</span> <span class='ocrx_word' id='word_1_42' title='bbox 241 845 364 932; x_wconf 91' lang='lat' dir='ltr'>inponi,</span> <span class='ocrx_word' id='word_1_43' title='bbox 386 844 501 909; x_wconf 92' lang='lat' dir='ltr'>melius</span> <span class='ocrx_word' id='word_1_44' title='bbox 523 842 551 906; x_wconf 87' lang='lat' dir='ltr'>si</span> <span class='ocrx_word' id='word_1_45' title='bbox 572 863 645 907; x_wconf 90' lang='lat' dir='ltr'>cum</span> <span class='ocrx_word' id='word_1_46' title='bbox 665 841 769 906; x_wconf 89' lang='lat' dir='ltr'>lasere</span> <span class='ocrx_word' id='word_1_47' title='bbox 792 849 825 906; x_wconf 92' lang='lat' dir='ltr'>et</span> <span class='ocrx_word' id='word_1_48' title='bbox 846 850 936 906; x_wconf 89' lang='lat' dir='ltr'>aceto</span> <span class='ocrx_word' id='word_1_49' title='bbox 957 839 1042 917; x_wconf 84' lang='lat' dir='ltr'>acri3</span> <span class='ocrx_word' id='word_1_50' title='bbox 1065 838 1176 904; x_wconf 83' lang='lat' dir='ltr'>necari</span> <span class='ocrx_word' id='word_1_51' title='bbox 1189 860 1276 922; x_wconf 85' lang='lat' dir='ltr'>quo-</span> 
     </span>
     <span class='ocr_line' id='line_1_7' title="bbox 147 939 1274 1034; baseline -0.012 -18"><span class='ocrx_word' id='word_1_52' title='bbox 147 971 211 1034; x_wconf 92' lang='lat' dir='ltr'>que</span> <span class='ocrx_word' id='word_1_53' title='bbox 238 969 333 1014; x_wconf 88' lang='lat' dir='ltr'>canes</span> <span class='ocrx_word' id='word_1_54' title='bbox 359 967 398 1010; x_wconf 92' lang='lat' dir='ltr'>ea</span> <span class='ocrx_word' id='word_1_55' title='bbox 424 943 451 1009; x_wconf 92' lang='lat' dir='ltr'>si</span> <span class='ocrx_word' id='word_1_56' title='bbox 473 942 568 1008; x_wconf 87' lang='lat' dir='ltr'>detur</span> <span class='ocrx_word' id='word_1_57' title='bbox 595 964 636 1007; x_wconf 89' lang='lat' dir='ltr'>ex</span> <span class='ocrx_word' id='word_1_58' title='bbox 658 964 764 1008; x_wconf 86' lang='lat' dir='ltr'>carne.</span> <span class='ocrx_word' id='word_1_59' title='bbox 803 939 924 1006; x_wconf 82' lang='lat' dir='ltr'>Semen</span> <span class='ocrx_word' id='word_1_60' title='bbox 945 940 1158 1006; x_wconf 85' lang='lat' dir='ltr'>eiustostum</span> <span class='ocrx_word' id='word_1_61' title='bbox 1178 941 1274 1004; x_wconf 88' lang='lat' dir='ltr'>auxi·</span> 
     </span>
     <span class='ocr_line' id='line_1_8' title="bbox 148 1039 1316 1131; baseline -0.008 -16"><span class='ocrx_word' id='word_1_62' title='bbox 148 1050 246 1117; x_wconf 85' lang='lat' dir='ltr'>liatur</span> <span class='ocrx_word' id='word_1_63' title='bbox 268 1056 380 1113; x_wconf 90' lang='lat' dir='ltr'>contra</span> <span class='ocrx_word' id='word_1_64' title='bbox 401 1043 572 1130; x_wconf 90' lang='lat' dir='ltr'>serpentis,</span> <span class='ocrx_word' id='word_1_65' title='bbox 594 1042 723 1131; x_wconf 79' lang='lat' dir='ltr'>fungos,</span> <span class='ocrx_word' id='word_1_66' title='bbox 747 1043 830 1106; x_wconf 89' lang='lat' dir='ltr'>tauri</span> <span class='ocrx_word' id='word_1_67' title='bbox 850 1041 1049 1128; x_wconf 84' lang='lat' dir='ltr'>sanguinem.</span> <span class='ocrx_word' id='word_1_68' title='bbox 1070 1039 1167 1105; x_wconf 84' lang='lat' dir='ltr'>Folia</span> <span class='ocrx_word' id='word_1_69' title='bbox 1181 1050 1274 1106; x_wconf 89' lang='lat' dir='ltr'>cocta</span> <span class='ocrx_word' id='word_1_70' title='bbox 1287 1062 1316 1107; x_wconf 76' lang='lat' dir='ltr'>se</span> 
     </span>
     <span class='ocr_line' id='line_1_9' title="bbox 149 1141 1274 1237; baseline -0.011 -20"><span class='ocrx_word' id='word_1_71' title='bbox 149 1150 300 1237; x_wconf 79' lang='lat' dir='ltr'>splenicis</span> <span class='ocrx_word' id='word_1_72' title='bbox 325 1148 359 1211; x_wconf 89' lang='lat' dir='ltr'>in</span> <span class='ocrx_word' id='word_1_73' title='bbox 386 1146 458 1212; x_wconf 90' lang='lat' dir='ltr'>cibo</span> <span class='ocrx_word' id='word_1_74' title='bbox 480 1145 556 1211; x_wconf 88' lang='lat' dir='ltr'>data</span> <span class='ocrx_word' id='word_1_75' title='bbox 578 1155 611 1210; x_wconf 89' lang='lat' dir='ltr'>et</span> <span class='ocrx_word' id='word_1_76' title='bbox 631 1144 731 1211; x_wconf 87' lang='lat' dir='ltr'>cruda</span> <span class='ocrx_word' id='word_1_77' title='bbox 751 1142 842 1208; x_wconf 89' lang='lat' dir='ltr'>inlita</span> <span class='ocrx_word' id='word_1_78' title='bbox 863 1165 936 1208; x_wconf 91' lang='lat' dir='ltr'>cum</span> <span class='ocrx_word' id='word_1_79' title='bbox 959 1141 1111 1228; x_wconf 83' lang='lat' dir='ltr'>sulphure</span> <span class='ocrx_word' id='word_1_80' title='bbox 1133 1151 1167 1206; x_wconf 87' lang='lat' dir='ltr'>et</span> <span class='ocrx_word' id='word_1_81' title='bbox 1187 1141 1274 1206; x_wconf 91' lang='lat' dir='ltr'>nitro</span> 
     </span>
    </p>

    <p class='ocr_par' dir='ltr' id='par_1_3' title="bbox 110 1242 1274 1920">
     <span class='ocr_line' id='line_1_10' title="bbox 110 1242 1273 1337; baseline -0.009 -20"><span class='ocrx_word' id='word_1_82' title='bbox 110 1330 113 1335; x_wconf 34' lang='grc'><strong>,</strong></span> <span class='ocrx_word' id='word_1_83' title='bbox 149 1260 300 1337; x_wconf 80' lang='lat' dir='ltr'>prosunt,</span> <span class='ocrx_word' id='word_1_84' title='bbox 326 1248 405 1313; x_wconf 91' lang='lat' dir='ltr'>item</span> <span class='ocrx_word' id='word_1_85' title='bbox 431 1269 643 1312; x_wconf 90' lang='lat' dir='ltr'>mammarum</span> <span class='ocrx_word' id='word_1_86' title='bbox 668 1245 817 1310; x_wconf 85' lang='lat' dir='ltr'>duritiae.</span> <span class='ocrx_word' id='word_1_87' title='bbox 852 1242 1012 1308; x_wconf 85' lang='lat' dir='ltr'>Radicum</span> <span class='ocrx_word' id='word_1_88' title='bbox 1032 1242 1112 1308; x_wconf 89' lang='lat' dir='ltr'>ciuis</span> <span class='ocrx_word' id='word_1_89' title='bbox 1133 1265 1219 1309; x_wconf 86' lang='lat' dir='ltr'>uvae</span> <span class='ocrx_word' id='word_1_90' title='bbox 1238 1244 1273 1307; x_wconf 91' lang='lat' dir='ltr'>in</span> 
     </span>
     <span class='ocr_line' id='line_1_11' title="bbox 149 1344 1273 1430; baseline -0.011 -11"><span class='ocrx_word' id='word_1_91' title='bbox 149 1349 297 1419; x_wconf 82' lang='lat' dir='ltr'>faucibus</span> <span class='ocrx_word' id='word_1_92' title='bbox 319 1346 455 1413; x_wconf 92' lang='lat' dir='ltr'>tumenti</span> <span class='ocrx_word' id='word_1_93' title='bbox 476 1356 564 1412; x_wconf 86' lang='lat' dir='ltr'>tactu</span> <span class='ocrx_word' id='word_1_94' title='bbox 586 1346 733 1411; x_wconf 90' lang='lat' dir='ltr'>medetur</span> <span class='ocrx_word' id='word_1_95' title='bbox 754 1354 787 1411; x_wconf 90' lang='lat' dir='ltr'>et</span> <span class='ocrx_word' id='word_1_96' title='bbox 807 1344 973 1430; x_wconf 79' lang='lat' dir='ltr'>parotidas</span> <span class='ocrx_word' id='word_1_97' title='bbox 995 1367 1069 1409; x_wconf 89' lang='lat' dir='ltr'>eum</span> <span class='ocrx_word' id='word_1_98' title='bbox 1088 1344 1183 1411; x_wconf 88' lang='lat' dir='ltr'>melle</span> <span class='ocrx_word' id='word_1_99' title='bbox 1196 1344 1273 1408; x_wconf 90' lang='lat' dir='ltr'>inli-</span> 
     </span>
     <span class='ocr_line' id='line_1_12' title="bbox 151 1442 1274 1536; baseline -0.006 -17"><span class='ocrx_word' id='word_1_100' title='bbox 151 1464 204 1519; x_wconf 90' lang='lat' dir='ltr'>tus</span> <span class='ocrx_word' id='word_1_101' title='bbox 235 1449 399 1536; x_wconf 85' lang='lat' dir='ltr'>reprimit,</span> <span class='ocrx_word' id='word_1_102' title='bbox 433 1448 630 1534; x_wconf 83' lang='lat' dir='ltr'>serpentium</span> <span class='ocrx_word' id='word_1_103' title='bbox 661 1469 788 1513; x_wconf 90' lang='lat' dir='ltr'>morsus</span> <span class='ocrx_word' id='word_1_104' title='bbox 817 1456 919 1512; x_wconf 87' lang='lat' dir='ltr'>sanat.</span> <span class='ocrx_word' id='word_1_105' title='bbox 954 1445 1081 1514; x_wconf 88' lang='lat' dir='ltr'>Virium</span> <span class='ocrx_word' id='word_1_106' title='bbox 1109 1442 1274 1512; x_wconf 84' lang='lat' dir='ltr'>brassicae</span> 
     </span>
     <span class='ocr_line' id='line_1_13' title="bbox 150 1545 1273 1637; baseline -0.01 -16"><span class='ocrx_word' id='word_1_107' title='bbox 150 1577 250 1622; x_wconf 91' lang='lat' dir='ltr'>unum</span> <span class='ocrx_word' id='word_1_108' title='bbox 277 1561 310 1618; x_wconf 87' lang='lat' dir='ltr'>et</span> <span class='ocrx_word' id='word_1_109' title='bbox 338 1572 492 1635; x_wconf 86' lang='lat' dir='ltr'>magnum</span> <span class='ocrx_word' id='word_1_110' title='bbox 517 1558 742 1637; x_wconf 83' lang='lat' dir='ltr'>argumentum</span> <span class='ocrx_word' id='word_1_111' title='bbox 769 1547 928 1613; x_wconf 79' lang='lat' dir='ltr'>addemus</span> <span class='ocrx_word' id='word_1_112' title='bbox 954 1570 993 1612; x_wconf 90' lang='lat' dir='ltr'>ac</span> <span class='ocrx_word' id='word_1_113' title='bbox 1013 1545 1176 1612; x_wconf 85' lang='lat' dir='ltr'>mirabile:</span> <span class='ocrx_word' id='word_1_114' title='bbox 1200 1569 1273 1611; x_wconf 86' lang='lat' dir='ltr'>cru-</span> 
     </span>
     <span class='ocr_line' id='line_1_14' title="bbox 152 1648 1274 1737; baseline -0.008 -16"><span class='ocrx_word' id='word_1_115' title='bbox 152 1666 221 1721; x_wconf 84' lang='lat' dir='ltr'>stae</span> <span class='ocrx_word' id='word_1_116' title='bbox 243 1653 270 1719; x_wconf 93' lang='lat' dir='ltr'>si</span> <span class='ocrx_word' id='word_1_117' title='bbox 291 1662 450 1737; x_wconf 90' lang='lat' dir='ltr'>occupent</span> <span class='ocrx_word' id='word_1_118' title='bbox 469 1650 558 1715; x_wconf 88' lang='lat' dir='ltr'>intus</span> <span class='ocrx_word' id='word_1_119' title='bbox 579 1671 658 1714; x_wconf 88' lang='lat' dir='ltr'>vasa</span> <span class='ocrx_word' id='word_1_120' title='bbox 680 1649 795 1725; x_wconf 89' lang='lat' dir='ltr'>omnia,</span> <span class='ocrx_word' id='word_1_121' title='bbox 816 1648 851 1713; x_wconf 92' lang='lat' dir='ltr'>in</span> <span class='ocrx_word' id='word_1_122' title='bbox 873 1648 945 1732; x_wconf 90' lang='lat' dir='ltr'>quis</span> <span class='ocrx_word' id='word_1_123' title='bbox 966 1669 1069 1732; x_wconf 88' lang='lat' dir='ltr'>aquae</span> <span class='ocrx_word' id='word_1_124' title='bbox 1083 1648 1219 1725; x_wconf 81' lang='lat' dir='ltr'>fervent,</span> <span class='ocrx_word' id='word_1_125' title='bbox 1241 1648 1274 1712; x_wconf 91' lang='lat' dir='ltr'>in</span> 
     </span>
     <span class='ocr_line' id='line_1_15' title="bbox 151 1749 1273 1833; baseline -0.007 -13"><span class='ocrx_word' id='word_1_126' title='bbox 151 1765 276 1820; x_wconf 84' lang='lat' dir='ltr'>tantum</span> <span class='ocrx_word' id='word_1_127' title='bbox 296 1762 419 1816; x_wconf 90' lang='lat' dir='ltr'>utnon</span> <span class='ocrx_word' id='word_1_128' title='bbox 441 1752 484 1816; x_wconf 92' lang='lat' dir='ltr'>sit</span> <span class='ocrx_word' id='word_1_129' title='bbox 505 1749 642 1816; x_wconf 86' lang='lat' dir='ltr'>avellere</span> <span class='ocrx_word' id='word_1_130' title='bbox 663 1771 729 1827; x_wconf 90' lang='lat' dir='ltr'>eas,</span> <span class='ocrx_word' id='word_1_131' title='bbox 752 1750 780 1814; x_wconf 94' lang='lat' dir='ltr'>si</span> <span class='ocrx_word' id='word_1_132' title='bbox 801 1749 944 1816; x_wconf 76' lang='lat' dir='ltr'>brassica</span> <span class='ocrx_word' id='word_1_133' title='bbox 965 1749 1052 1816; x_wconf 91' lang='lat' dir='ltr'>iniis</span> <span class='ocrx_word' id='word_1_134' title='bbox 1066 1749 1273 1833; x_wconf 83' lang='lat' dir='ltr'>decoquatur,</span> 
     </span>
     <span class='ocr_line' id='line_1_16' title="bbox 154 1852 341 1920; baseline -0.011 -1"><span class='ocrx_word' id='word_1_135' title='bbox 154 1852 341 1920; x_wconf 82' lang='lat' dir='ltr'>abscedunt</span> 
     </span>
    </p>

    <p class='ocr_par' dir='ltr' id='par_1_4' title="bbox 152 1949 1312 2243">
     <span class='ocr_line' id='line_1_17' title="bbox 194 1949 1312 2038; baseline -0.008 -16"><span class='ocrx_word' id='word_1_136' title='bbox 194 1949 247 2022; x_wconf 75' lang='lat'>37.</span> <span class='ocrx_word' id='word_1_137' title='bbox 274 1953 364 2021; x_wconf 89' lang='lat' dir='ltr'>Inter</span> <span class='ocrx_word' id='word_1_138' title='bbox 393 1952 548 2019; x_wconf 88' lang='lat' dir='ltr'>silvestris</span> <span class='ocrx_word' id='word_1_139' title='bbox 579 1952 739 2019; x_wconf 82' lang='lat' dir='ltr'>brassicas</span> <span class='ocrx_word' id='word_1_140' title='bbox 767 1962 800 2018; x_wconf 90' lang='lat' dir='ltr'>et</span> <span class='ocrx_word' id='word_1_141' title='bbox 824 1951 958 2038; x_wconf 87' lang='lat' dir='ltr'>lapsana</span> <span class='ocrx_word' id='word_1_142' title='bbox 979 1963 1028 2018; x_wconf 89' lang='lat' dir='ltr'>est</span> <span class='ocrx_word' id='word_1_143' title='bbox 1051 1952 1177 2038; x_wconf 88' lang='lat' dir='ltr'>pedalis</span> <span class='ocrx_word' id='word_1_144' title='bbox 1203 1950 1312 2017; x_wconf 84' lang='lat' dir='ltr'>alti-se</span> 
     </span>
     <span class='ocr_line' id='line_1_18' title="bbox 152 2052 1272 2140; baseline -0.005 -17"><span class='ocrx_word' id='word_1_145' title='bbox 152 2057 274 2136; x_wconf 81' lang='lat' dir='ltr'>tudine,</span> <span class='ocrx_word' id='word_1_146' title='bbox 295 2055 429 2121; x_wconf 87' lang='lat' dir='ltr'>hirsutis</span> <span class='ocrx_word' id='word_1_147' title='bbox 443 2054 541 2132; x_wconf 82' lang='lat' dir='ltr'>foliis,</span> <span class='ocrx_word' id='word_1_148' title='bbox 564 2054 669 2140; x_wconf 89' lang='lat' dir='ltr'>sinapi</span> <span class='ocrx_word' id='word_1_149' title='bbox 684 2054 806 2132; x_wconf 89' lang='lat' dir='ltr'>similis,</span> <span class='ocrx_word' id='word_1_150' title='bbox 821 2055 884 2118; x_wconf 92' lang='lat' dir='ltr'>nisi</span> <span class='ocrx_word' id='word_1_151' title='bbox 899 2053 1064 2120; x_wconf 90' lang='lat' dir='ltr'>candidior</span> <span class='ocrx_word' id='word_1_152' title='bbox 1079 2065 1165 2119; x_wconf 87' lang='lat' dir='ltr'>esset</span> <span class='ocrx_word' id='word_1_153' title='bbox 1177 2052 1272 2130; x_wconf 77' lang='lat' dir='ltr'>flore3</span> 
     </span>
     <span class='ocr_line' id='line_1_19' title="bbox 153 2151 877 2243; baseline -0.006 -19"><span class='ocrx_word' id='word_1_154' title='bbox 153 2151 301 2243; x_wconf 84' lang='lat' dir='ltr'>coquitur</span> <span class='ocrx_word' id='word_1_155' title='bbox 321 2156 357 2220; x_wconf 92' lang='lat' dir='ltr'>in</span> <span class='ocrx_word' id='word_1_156' title='bbox 378 2156 462 2233; x_wconf 92' lang='lat' dir='ltr'>cibo,</span> <span class='ocrx_word' id='word_1_157' title='bbox 484 2155 589 2220; x_wconf 89' lang='lat' dir='ltr'>alvom</span> <span class='ocrx_word' id='word_1_158' title='bbox 611 2155 691 2219; x_wconf 90' lang='lat' dir='ltr'>lenit</span> <span class='ocrx_word' id='word_1_159' title='bbox 712 2165 744 2219; x_wconf 93' lang='lat' dir='ltr'>et</span> <span class='ocrx_word' id='word_1_160' title='bbox 765 2155 877 2220; x_wconf 91' lang='lat' dir='ltr'>mollit.</span> 
     </span>
    </p>

    <p class='ocr_par' dir='ltr' id='par_1_5' title="bbox 152 2254 1275 2526">
     <span class='ocr_line' id='line_1_20' title="bbox 194 2254 1275 2350; baseline -0.003 -27"><span class='ocrx_word' id='word_1_161' title='bbox 194 2260 247 2323; x_wconf 84' lang='lat'>38.</span> <span class='ocrx_word' id='word_1_162' title='bbox 279 2255 411 2319; x_wconf 89' lang='lat' dir='ltr'>Marina</span> <span class='ocrx_word' id='word_1_163' title='bbox 444 2254 587 2320; x_wconf 86' lang='lat' dir='ltr'>brassica</span> <span class='ocrx_word' id='word_1_164' title='bbox 620 2255 898 2350; x_wconf 86' lang='lat' dir='ltr'>vehementissime</span> <span class='ocrx_word' id='word_1_165' title='bbox 926 2281 966 2323; x_wconf 86' lang='lat' dir='ltr'>ex</span> <span class='ocrx_word' id='word_1_166' title='bbox 994 2257 1143 2322; x_wconf 86' lang='lat' dir='ltr'>omnibus</span> <span class='ocrx_word' id='word_1_167' title='bbox 1172 2256 1275 2320; x_wconf 86' lang='lat' dir='ltr'>alvom</span> 
     </span>
     <span class='ocr_line' id='line_1_21' title="bbox 152 2356 1273 2444; baseline -0.002 -20"><span class='ocrx_word' id='word_1_168' title='bbox 152 2358 216 2424; x_wconf 86' lang='lat' dir='ltr'>ciet</span> <span class='ocrx_word' id='word_1_169' title='bbox 223 2381 233 2434; x_wconf 86' lang='lat'>3</span> <span class='ocrx_word' id='word_1_170' title='bbox 266 2356 412 2441; x_wconf 85' lang='lat' dir='ltr'>coquitur</span> <span class='ocrx_word' id='word_1_171' title='bbox 437 2366 571 2443; x_wconf 86' lang='lat' dir='ltr'>propter</span> <span class='ocrx_word' id='word_1_172' title='bbox 597 2356 805 2423; x_wconf 88' lang='lat' dir='ltr'>acrimoniam</span> <span class='ocrx_word' id='word_1_173' title='bbox 826 2382 900 2424; x_wconf 92' lang='lat' dir='ltr'>cum</span> <span class='ocrx_word' id='word_1_174' title='bbox 924 2358 1039 2444; x_wconf 86' lang='lat' dir='ltr'>pingui</span> <span class='ocrx_word' id='word_1_175' title='bbox 1066 2380 1180 2436; x_wconf 89' lang='lat' dir='ltr'>carne,</span> <span class='ocrx_word' id='word_1_176' title='bbox 1210 2367 1273 2422; x_wconf 87' lang='lat' dir='ltr'>sto·</span> 
     </span>
     <span class='ocr_line' id='line_1_22' title="bbox 152 2458 517 2526; baseline -0.011 0"><span class='ocrx_word' id='word_1_177' title='bbox 152 2460 268 2526; x_wconf 89' lang='lat' dir='ltr'>macho</span> <span class='ocrx_word' id='word_1_178' title='bbox 288 2458 517 2525; x_wconf 89' lang='lat' dir='ltr'>inimicissima.</span> 
     </span>
    </p>

    <p class='ocr_par' dir='ltr' id='par_1_6' title="bbox 153 2559 1310 3057">
     <span class='ocr_line' id='line_1_23' title="bbox 195 2559 1310 2645; baseline -0.006 -18"><span class='ocrx_word' id='word_1_179' title='bbox 195 2563 247 2627; x_wconf 78' lang='lat'>39.</span> <span class='ocrx_word' id='word_1_180' title='bbox 278 2559 450 2626; x_wconf 87' lang='lat' dir='ltr'>Scillarum</span> <span class='ocrx_word' id='word_1_181' title='bbox 471 2561 505 2626; x_wconf 95' lang='lat' dir='ltr'>in</span> <span class='ocrx_word' id='word_1_182' title='bbox 526 2559 687 2626; x_wconf 88' lang='lat' dir='ltr'>medicina</span> <span class='ocrx_word' id='word_1_183' title='bbox 708 2561 780 2626; x_wconf 85' lang='lat' dir='ltr'>alba</span> <span class='ocrx_word' id='word_1_184' title='bbox 803 2572 852 2626; x_wconf 92' lang='lat' dir='ltr'>est</span> <span class='ocrx_word' id='word_1_185' title='bbox 871 2583 953 2645; x_wconf 88' lang='lat' dir='ltr'>quae</span> <span class='ocrx_word' id='word_1_186' title='bbox 975 2561 1156 2639; x_wconf 88' lang='lat' dir='ltr'>masculus,</span> <span class='ocrx_word' id='word_1_187' title='bbox 1182 2559 1273 2626; x_wconf 87' lang='lat' dir='ltr'>femi·</span> <span class='ocrx_word' id='word_1_188' title='bbox 1286 2575 1310 2620; x_wconf 78' lang='lat' dir='ltr'>st</span> 
     </span>
     <span class='ocr_line' id='line_1_24' title="bbox 153 2660 1275 2754; baseline -0.004 -22"><span class='ocrx_word' id='word_1_189' title='bbox 153 2689 213 2732; x_wconf 85' lang='lat' dir='ltr'>nae</span> <span class='ocrx_word' id='word_1_190' title='bbox 235 2666 366 2754; x_wconf 84' lang='lat' dir='ltr'>nigrae3</span> <span class='ocrx_word' id='word_1_191' title='bbox 395 2686 479 2747; x_wconf 90' lang='lat' dir='ltr'>quae</span> <span class='ocrx_word' id='word_1_192' title='bbox 501 2663 728 2728; x_wconf 89' lang='lat' dir='ltr'>candidissima</span> <span class='ocrx_word' id='word_1_193' title='bbox 754 2663 849 2728; x_wconf 87' lang='lat' dir='ltr'>firerit</span> <span class='ocrx_word' id='word_1_194' title='bbox 879 2664 1049 2728; x_wconf 87' lang='lat' dir='ltr'>utilissima</span> <span class='ocrx_word' id='word_1_195' title='bbox 1080 2664 1151 2728; x_wconf 88' lang='lat' dir='ltr'>erit.</span> <span class='ocrx_word' id='word_1_196' title='bbox 1188 2660 1275 2727; x_wconf 91' lang='lat' dir='ltr'>Huic</span> 
     </span>
     <span class='ocr_line' id='line_1_25' title="bbox 154 2764 1275 2850; baseline -0.004 -18"><span class='ocrx_word' id='word_1_197' title='bbox 154 2766 253 2832; x_wconf 89' lang='lat' dir='ltr'>aridis</span> <span class='ocrx_word' id='word_1_198' title='bbox 281 2765 397 2830; x_wconf 90' lang='lat' dir='ltr'>tunicis</span> <span class='ocrx_word' id='word_1_199' title='bbox 428 2765 563 2850; x_wconf 87' lang='lat' dir='ltr'>direptis</span> <span class='ocrx_word' id='word_1_200' title='bbox 589 2765 676 2849; x_wconf 93' lang='lat' dir='ltr'>quod</span> <span class='ocrx_word' id='word_1_201' title='bbox 704 2764 838 2830; x_wconf 90' lang='lat' dir='ltr'>relicum</span> <span class='ocrx_word' id='word_1_202' title='bbox 865 2788 883 2830; x_wconf 92' lang='lat' dir='ltr'>e</span> <span class='ocrx_word' id='word_1_203' title='bbox 909 2766 985 2830; x_wconf 87' lang='lat' dir='ltr'>vivo</span> <span class='ocrx_word' id='word_1_204' title='bbox 1012 2777 1062 2830; x_wconf 86' lang='lat' dir='ltr'>est</span> <span class='ocrx_word' id='word_1_205' title='bbox 1092 2776 1275 2830; x_wconf 90' lang='lat' dir='ltr'>consectum</span> 
     </span>
     <span class='ocr_line' id='line_1_26' title="bbox 155 2865 1276 2954; baseline -0.004 -20"><span class='ocrx_word' id='word_1_206' title='bbox 155 2868 361 2954; x_wconf 89' lang='lat' dir='ltr'>suspenditur</span> <span class='ocrx_word' id='word_1_207' title='bbox 386 2867 453 2932; x_wconf 92' lang='lat' dir='ltr'>lino</span> <span class='ocrx_word' id='word_1_208' title='bbox 477 2867 611 2932; x_wconf 91' lang='lat' dir='ltr'>modicis</span> <span class='ocrx_word' id='word_1_209' title='bbox 637 2867 812 2933; x_wconf 86' lang='lat' dir='ltr'>intervallis</span> <span class='ocrx_word' id='word_1_210' title='bbox 819 2891 828 2943; x_wconf 94' lang='lat'>;</span> <span class='ocrx_word' id='word_1_211' title='bbox 861 2879 976 2951; x_wconf 90' lang='lat' dir='ltr'>postea</span> <span class='ocrx_word' id='word_1_212' title='bbox 1003 2868 1093 2932; x_wconf 90' lang='lat' dir='ltr'>arida</span> <span class='ocrx_word' id='word_1_213' title='bbox 1119 2868 1223 2932; x_wconf 82' lang='lat' dir='ltr'>frusta</span> <span class='ocrx_word' id='word_1_214' title='bbox 1243 2865 1276 2930; x_wconf 89' lang='lat' dir='ltr'>in</span> 
     </span>
     <span class='ocr_line' id='line_1_27' title="bbox 155 2968 1275 3057; baseline -0.003 -22"><span class='ocrx_word' id='word_1_215' title='bbox 155 2969 270 3035; x_wconf 89' lang='lat' dir='ltr'>cadum</span> <span class='ocrx_word' id='word_1_216' title='bbox 298 2968 381 3034; x_wconf 90' lang='lat' dir='ltr'>aceti</span> <span class='ocrx_word' id='word_1_217' title='bbox 409 2990 505 3053; x_wconf 90' lang='lat' dir='ltr'>quam</span> <span class='ocrx_word' id='word_1_218' title='bbox 531 2968 699 3053; x_wconf 88' lang='lat' dir='ltr'>asperrimi</span> <span class='ocrx_word' id='word_1_219' title='bbox 725 2969 901 3053; x_wconf 89' lang='lat' dir='ltr'>pendentia</span> <span class='ocrx_word' id='word_1_220' title='bbox 925 2969 1149 3057; x_wconf 83' lang='lat' dir='ltr'>inmerguntur</span> <span class='ocrx_word' id='word_1_221' title='bbox 1170 2970 1216 3032; x_wconf 91' lang='lat' dir='ltr'>ita</span> <span class='ocrx_word' id='word_1_222' title='bbox 1236 2989 1275 3032; x_wconf 85' lang='lat' dir='ltr'>ne</span> 
     </span>
    </p>
   </div>
   <div class='ocr_carea' id='block_1_3' title="bbox 155 3168 1276 3310">
    <p class='ocr_par' dir='ltr' id='par_1_7' title="bbox 155 3168 1276 3310">
     <span class='ocr_line' id='line_1_28' title="bbox 190 3168 1276 3240; baseline -0.003 -15"><span class='ocrx_word' id='word_1_223' title='bbox 190 3181 257 3240; x_wconf 68' lang='lat' dir='ltr'>§aa</span> <span class='ocrx_word' id='word_1_224' title='bbox 282 3178 345 3239; x_wconf 83' lang='lat' dir='ltr'>item,</span> <span class='ocrx_word' id='word_1_225' title='bbox 362 3181 451 3228; x_wconf 79' lang='lat' dir='ltr'>omd.</span> <span class='ocrx_word' id='word_1_226' title='bbox 471 3218 501 3228; x_wconf 82' lang='lat'><em>-</em></span> <span class='ocrx_word' id='word_1_227' title='bbox 525 3193 554 3226; x_wconf 78' lang='lat' dir='ltr'>er</span> <span class='ocrx_word' id='word_1_228' title='bbox 570 3194 648 3239; x_wconf 83' lang='lat' dir='ltr'>carne,</span> <span class='ocrx_word' id='word_1_229' title='bbox 665 3193 688 3228; x_wconf 89' lang='lat' dir='ltr'>a.</span> <span class='ocrx_word' id='word_1_230' title='bbox 715 3175 834 3238; x_wconf 86' lang='lat' dir='ltr'>incarne,</span> <span class='ocrx_word' id='word_1_231' title='bbox 852 3177 904 3227; x_wconf 83' lang='lat' dir='ltr'>Td.</span> <span class='ocrx_word' id='word_1_232' title='bbox 924 3217 955 3226; x_wconf 82' lang='lat'>..</span> <span class='ocrx_word' id='word_1_233' title='bbox 974 3178 1074 3240; x_wconf 77' lang='lat' dir='ltr'>funpos,</span> <span class='ocrx_word' id='word_1_234' title='bbox 1096 3168 1197 3227; x_wconf 73' lang='lat' dir='ltr'>OTad.</span> <span class='ocrx_word' id='word_1_235' title='bbox 1217 3175 1276 3238; x_wconf 84' lang='lat' dir='ltr'>fun-</span> 
     </span>
     <span class='ocr_line' id='line_1_29' title="bbox 155 3242 816 3310; baseline 0.002 -18"><span class='ocrx_word' id='word_1_236' title='bbox 155 3259 282 3308; x_wconf 67' lang='lat' dir='ltr'>ccrumque</span> <span class='ocrx_word' id='word_1_237' title='bbox 294 3260 390 3304; x_wconf 84' lang='lat' dir='ltr'>ueneno,</span> <span class='ocrx_word' id='word_1_238' title='bbox 404 3248 478 3293; x_wconf 89' lang='lat' dir='ltr'>codd.</span> <span class='ocrx_word' id='word_1_239' title='bbox 491 3246 547 3296; x_wconf 86' lang='lat' dir='ltr'>Gel.</span> <span class='ocrx_word' id='word_1_240' title='bbox 560 3242 589 3306; x_wconf 81' lang='grc' dir='ltr'>β.</span> <span class='ocrx_word' id='word_1_241' title='bbox 609 3287 639 3294; x_wconf 90' lang='grc'>..</span> <span class='ocrx_word' id='word_1_242' title='bbox 657 3244 780 3310; x_wconf 77' lang='lat' dir='ltr'>sanquine,</span> <span class='ocrx_word' id='word_1_243' title='bbox 792 3247 816 3295; x_wconf 92' lang='lat' dir='ltr'>d.</span> 
     </span>
    </p>
   </div>
   <div class='ocr_carea' id='block_1_4' title="bbox 157 3326 1279 3666">
    <p class='ocr_par' dir='ltr' id='par_1_8' title="bbox 157 3326 1279 3666">
     <span class='ocr_line' id='line_1_30' title="bbox 190 3326 1278 3397; baseline 0.002 -13"><span class='ocrx_word' id='word_1_244' title='bbox 190 3337 258 3397; x_wconf 83' lang='lat'>§95.</span> <span class='ocrx_word' id='word_1_245' title='bbox 280 3333 397 3397; x_wconf 71' lang='lat' dir='ltr'>splenion,</span> <span class='ocrx_word' id='word_1_246' title='bbox 413 3326 512 3384; x_wconf 75' lang='lat' dir='ltr'>OTad.</span> <span class='ocrx_word' id='word_1_247' title='bbox 535 3334 674 3397; x_wconf 76' lang='lat' dir='ltr'>spleneticis,</span> <span class='ocrx_word' id='word_1_248' title='bbox 687 3338 760 3385; x_wconf 83' lang='lat' dir='ltr'>codd.</span> <span class='ocrx_word' id='word_1_249' title='bbox 774 3336 831 3386; x_wconf 86' lang='lat' dir='ltr'>Gel.</span> <span class='ocrx_word' id='word_1_250' title='bbox 844 3332 872 3397; x_wconf 81' lang='grc' dir='ltr'>β.</span> <span class='ocrx_word' id='word_1_251' title='bbox 893 3376 923 3384; x_wconf 83' lang='grc'>-</span> <span class='ocrx_word' id='word_1_252' title='bbox 946 3351 976 3384; x_wconf 86' lang='lat' dir='ltr'>oc</span> <span class='ocrx_word' id='word_1_253' title='bbox 987 3335 1102 3397; x_wconf 82' lang='lat' dir='ltr'>mirabile,</span> <span class='ocrx_word' id='word_1_254' title='bbox 1115 3337 1151 3386; x_wconf 87' lang='lat' dir='ltr'>ita</span> <span class='ocrx_word' id='word_1_255' title='bbox 1163 3351 1210 3386; x_wconf 88' lang='lat' dir='ltr'>nos</span> <span class='ocrx_word' id='word_1_256' title='bbox 1221 3336 1278 3386; x_wconf 86' lang='lat' dir='ltr'>scri·</span> 
     </span>
     <span class='ocr_line' id='line_1_31' title="bbox 157 3398 1277 3467; baseline 0.001 -15"><span class='ocrx_word' id='word_1_257' title='bbox 157 3403 260 3467; x_wconf 85' lang='lat' dir='ltr'>psimus.</span> <span class='ocrx_word' id='word_1_258' title='bbox 287 3399 472 3458; x_wconf 69' lang='lat' dir='ltr'>aeternabilem</span> <span class='ocrx_word' id='word_1_259' title='bbox 499 3400 654 3460; x_wconf 82' lang='lat' dir='ltr'>ammirabile,</span> <span class='ocrx_word' id='word_1_260' title='bbox 667 3403 720 3451; x_wconf 84' lang='lat' dir='ltr'>Td.</span> <span class='ocrx_word' id='word_1_261' title='bbox 747 3410 769 3450; x_wconf 93' lang='lat' dir='ltr'>et</span> <span class='ocrx_word' id='word_1_262' title='bbox 780 3402 895 3464; x_wconf 85' lang='lat' dir='ltr'>mirabile,</span> <span class='ocrx_word' id='word_1_263' title='bbox 907 3398 958 3466; x_wconf 77' lang='grc' dir='ltr'>βγ.</span> <span class='ocrx_word' id='word_1_264' title='bbox 985 3405 1084 3452; x_wconf 84' lang='lat' dir='ltr'>abotro</span> <span class='ocrx_word' id='word_1_265' title='bbox 1097 3402 1229 3464; x_wconf 84' lang='lat' dir='ltr'>bile,Pint.</span> <span class='ocrx_word' id='word_1_266' title='bbox 1249 3440 1277 3452; x_wconf 67' lang='lat'>‚-</span> 
     </span>
     <span class='ocr_line' id='line_1_32' title="bbox 157 3466 1278 3534; baseline -0.001 -15"><span class='ocrx_word' id='word_1_267' title='bbox 157 3469 248 3519; x_wconf 77' lang='lat' dir='ltr'>aiente</span> <span class='ocrx_word' id='word_1_268' title='bbox 264 3476 374 3532; x_wconf 81' lang='lat' dir='ltr'>occupent</span> <span class='ocrx_word' id='word_1_269' title='bbox 391 3470 473 3517; x_wconf 89' lang='lat' dir='ltr'>omitt.</span> <span class='ocrx_word' id='word_1_270' title='bbox 486 3468 560 3517; x_wconf 76' lang='lat' dir='ltr'>Tac.</span> <span class='ocrx_word' id='word_1_271' title='bbox 585 3508 615 3515; x_wconf 87' lang='lat'>..</span> <span class='ocrx_word' id='word_1_272' title='bbox 642 3468 702 3530; x_wconf 81' lang='lat' dir='ltr'>quis,</span> <span class='ocrx_word' id='word_1_273' title='bbox 719 3471 763 3517; x_wconf 86' lang='lat' dir='ltr'>ad.</span> <span class='ocrx_word' id='word_1_274' title='bbox 791 3469 879 3532; x_wconf 72' lang='lat' dir='ltr'>quibem,</span> <span class='ocrx_word' id='word_1_275' title='bbox 895 3466 945 3534; x_wconf 76' lang='grc' dir='ltr'>βγ.</span> <span class='ocrx_word' id='word_1_276' title='bbox 971 3513 997 3519; x_wconf 85' lang='grc'>-</span> <span class='ocrx_word' id='word_1_277' title='bbox 1025 3471 1119 3530; x_wconf 82' lang='lat' dir='ltr'>fervent</span> <span class='ocrx_word' id='word_1_278' title='bbox 1135 3470 1159 3518; x_wconf 84' lang='lat' dir='ltr'>in</span> <span class='ocrx_word' id='word_1_279' title='bbox 1178 3479 1278 3530; x_wconf 83' lang='lat' dir='ltr'>tantum3</span> 
     </span>
     <span class='ocr_line' id='line_1_33' title="bbox 159 3534 1279 3605; baseline 0 -18"><span class='ocrx_word' id='word_1_280' title='bbox 159 3553 204 3601; x_wconf 89' lang='lat' dir='ltr'>pro</span> <span class='ocrx_word' id='word_1_281' title='bbox 216 3538 257 3586; x_wconf 90' lang='lat' dir='ltr'>his</span> <span class='ocrx_word' id='word_1_282' title='bbox 269 3553 309 3605; x_wconf 78' lang='lat' dir='ltr'>vy.</span> <span class='ocrx_word' id='word_1_283' title='bbox 321 3537 400 3586; x_wconf 87' lang='lat' dir='ltr'>babet</span> <span class='ocrx_word' id='word_1_284' title='bbox 408 3537 544 3598; x_wconf 82' lang='lat' dir='ltr'>sementum</span> <span class='ocrx_word' id='word_1_285' title='bbox 557 3550 579 3596; x_wconf 91' lang='lat' dir='ltr'>a,</span> <span class='ocrx_word' id='word_1_286' title='bbox 594 3534 724 3598; x_wconf 83' lang='lat' dir='ltr'>sementim</span> <span class='ocrx_word' id='word_1_287' title='bbox 736 3537 760 3586; x_wconf 87' lang='lat' dir='ltr'>d.</span> <span class='ocrx_word' id='word_1_288' title='bbox 779 3576 810 3585; x_wconf 93' lang='lat'>..</span> <span class='ocrx_word' id='word_1_289' title='bbox 829 3536 929 3586; x_wconf 85' lang='lat' dir='ltr'>auellere</span> <span class='ocrx_word' id='word_1_290' title='bbox 946 3554 995 3599; x_wconf 87' lang='lat' dir='ltr'>eas,</span> <span class='ocrx_word' id='word_1_291' title='bbox 1013 3541 1048 3588; x_wconf 88' lang='lat' dir='ltr'>ita</span> <span class='ocrx_word' id='word_1_292' title='bbox 1064 3554 1112 3588; x_wconf 90' lang='lat' dir='ltr'>nos</span> <span class='ocrx_word' id='word_1_293' title='bbox 1129 3539 1279 3603; x_wconf 89' lang='lat' dir='ltr'>scripsimus.</span> 
     </span>
     <span class='ocr_line' id='line_1_34' title="bbox 159 3598 786 3666; baseline 0 -14"><span class='ocrx_word' id='word_1_294' title='bbox 159 3603 262 3653; x_wconf 81' lang='lat' dir='ltr'>auellere</span> <span class='ocrx_word' id='word_1_295' title='bbox 274 3620 311 3665; x_wconf 86' lang='lat' dir='ltr'>eu,</span> <span class='ocrx_word' id='word_1_296' title='bbox 324 3606 368 3655; x_wconf 87' lang='lat' dir='ltr'>ad.</span> <span class='ocrx_word' id='word_1_297' title='bbox 393 3619 434 3651; x_wconf 83' lang='lat' dir='ltr'>eas</span> <span class='ocrx_word' id='word_1_298' title='bbox 446 3601 555 3662; x_wconf 81' lang='lat' dir='ltr'>euellere,</span> <span class='ocrx_word' id='word_1_299' title='bbox 565 3598 616 3666; x_wconf 76' lang='grc' dir='ltr'>βγ.</span> <span class='ocrx_word' id='word_1_300' title='bbox 635 3643 666 3653; x_wconf 86' lang='grc'>..</span> <span class='ocrx_word' id='word_1_301' title='bbox 685 3601 730 3664; x_wconf 81' lang='lat' dir='ltr'>bie,</span> <span class='ocrx_word' id='word_1_302' title='bbox 742 3606 786 3654; x_wconf 90' lang='lat' dir='ltr'>ad.</span> 
     </span>
    </p>
   </div>
   <div class='ocr_carea' id='block_1_5' title="bbox 158 3683 1281 3883">
    <p class='ocr_par' dir='ltr' id='par_1_9' title="bbox 158 3683 1281 3883">
     <span class='ocr_line' id='line_1_35' title="bbox 192 3683 1278 3754; baseline 0.002 -17"><span class='ocrx_word' id='word_1_303' title='bbox 192 3687 207 3748; x_wconf 68' lang='grc' dir='ltr'><strong>ξ</strong></span> <span class='ocrx_word' id='word_1_304' title='bbox 221 3695 262 3738; x_wconf 83' lang='grc'>96.</span> <span class='ocrx_word' id='word_1_305' title='bbox 280 3687 411 3747; x_wconf 80' lang='lat' dir='ltr'>altitudine,</span> <span class='ocrx_word' id='word_1_306' title='bbox 424 3687 499 3737; x_wconf 83' lang='lat' dir='ltr'>Tad.</span> <span class='ocrx_word' id='word_1_307' title='bbox 518 3685 658 3748; x_wconf 82' lang='lat' dir='ltr'>altitudinis,</span> <span class='ocrx_word' id='word_1_308' title='bbox 670 3683 720 3752; x_wconf 74' lang='grc' dir='ltr'>βγ.</span> <span class='ocrx_word' id='word_1_309' title='bbox 741 3730 770 3737; x_wconf 74' lang='grc'><strong>-</strong></span> <span class='ocrx_word' id='word_1_310' title='bbox 789 3688 877 3751; x_wconf 86' lang='lat' dir='ltr'>sinapi,</span> <span class='ocrx_word' id='word_1_311' title='bbox 889 3691 961 3739; x_wconf 82' lang='lat' dir='ltr'>Tad.</span> <span class='ocrx_word' id='word_1_312' title='bbox 981 3691 1045 3754; x_wconf 85' lang='lat' dir='ltr'>napi,</span> <span class='ocrx_word' id='word_1_313' title='bbox 1058 3691 1195 3752; x_wconf 87' lang='lat' dir='ltr'>Barbarus,</span> <span class='ocrx_word' id='word_1_314' title='bbox 1207 3686 1235 3751; x_wconf 80' lang='grc' dir='ltr'>β.</span> <span class='ocrx_word' id='word_1_315' title='bbox 1250 3730 1278 3739; x_wconf 76' lang='grc'>.,</span> 
     </span>
     <span class='ocr_line' id='line_1_36' title="bbox 158 3749 1281 3818; baseline 0.002 -15"><span class='ocrx_word' id='word_1_316' title='bbox 158 3754 250 3815; x_wconf 81' lang='lat' dir='ltr'>similis,</span> <span class='ocrx_word' id='word_1_317' title='bbox 264 3757 336 3806; x_wconf 87' lang='lat' dir='ltr'>Tad.</span> <span class='ocrx_word' id='word_1_318' title='bbox 359 3753 490 3816; x_wconf 78' lang='lat' dir='ltr'>simillimis,</span> <span class='ocrx_word' id='word_1_319' title='bbox 502 3750 531 3815; x_wconf 77' lang='grc' dir='ltr'>β.</span> <span class='ocrx_word' id='word_1_320' title='bbox 550 3795 580 3803; x_wconf 87' lang='grc'>-</span> <span class='ocrx_word' id='word_1_321' title='bbox 604 3752 660 3802; x_wconf 87' lang='lat' dir='ltr'>lenit</span> <span class='ocrx_word' id='word_1_322' title='bbox 671 3762 694 3802; x_wconf 91' lang='lat' dir='ltr'>et</span> <span class='ocrx_word' id='word_1_323' title='bbox 705 3755 787 3816; x_wconf 85' lang='lat' dir='ltr'>mollit,</span> <span class='ocrx_word' id='word_1_324' title='bbox 803 3749 902 3807; x_wconf 66' lang='lat' dir='ltr'>&amp;Tae</span> <span class='ocrx_word' id='word_1_325' title='bbox 927 3755 1008 3806; x_wconf 79' lang='lat' dir='ltr'>leniter</span> <span class='ocrx_word' id='word_1_326' title='bbox 1019 3751 1154 3818; x_wconf 65' lang='lat' dir='ltr'>emollitss.</span> <span class='ocrx_word' id='word_1_327' title='bbox 1174 3799 1205 3808; x_wconf 82' lang='lat'>..</span> <span class='ocrx_word' id='word_1_328' title='bbox 1225 3756 1281 3808; x_wconf 83' lang='grc' dir='ltr'>Μα-</span> 
     </span>
     <span class='ocr_line' id='line_1_37' title="bbox 160 3817 616 3883; baseline -0.002 -11"><span class='ocrx_word' id='word_1_329' title='bbox 160 3817 215 3872; x_wconf 81' lang='lat' dir='ltr'>rino</span> <span class='ocrx_word' id='word_1_330' title='bbox 227 3822 342 3883; x_wconf 78' lang='lat' dir='ltr'>brassica,</span> <span class='ocrx_word' id='word_1_331' title='bbox 357 3838 380 3872; x_wconf 86' lang='lat' dir='ltr'>v.</span> <span class='ocrx_word' id='word_1_332' title='bbox 392 3824 509 3873; x_wconf 87' lang='lat' dir='ltr'>Dioscor.</span> <span class='ocrx_word' id='word_1_333' title='bbox 523 3829 546 3883; x_wconf 78' lang='lat'>2,</span> <span class='ocrx_word' id='word_1_334' title='bbox 561 3828 616 3872; x_wconf 78' lang='lat'>148.</span> 
     </span>
    </p>
   </div>
   <div class='ocr_carea' id='block_1_6' title="bbox 160 3913 1285 4318">
    <p class='ocr_par' dir='ltr' id='par_1_10' title="bbox 160 3913 1285 4318">
     <span class='ocr_line' id='line_1_38' title="bbox 194 3913 1283 3981; baseline 0.001 -16"><span class='ocrx_word' id='word_1_335' title='bbox 194 3914 208 3976; x_wconf 63' lang='grc' dir='ltr'>ἑ</span> <span class='ocrx_word' id='word_1_336' title='bbox 222 3920 261 3966; x_wconf 80' lang='lat' dir='ltr'>st.</span> <span class='ocrx_word' id='word_1_337' title='bbox 284 3931 345 3978; x_wconf 86' lang='lat' dir='ltr'>quae</span> <span class='ocrx_word' id='word_1_338' title='bbox 357 3913 480 3975; x_wconf 78' lang='lat' dir='ltr'>masculus,</span> <span class='ocrx_word' id='word_1_339' title='bbox 498 3916 578 3965; x_wconf 87' lang='lat' dir='ltr'>omitt.</span> <span class='ocrx_word' id='word_1_340' title='bbox 591 3917 634 3965; x_wconf 86' lang='lat' dir='ltr'>ud.</span> <span class='ocrx_word' id='word_1_341' title='bbox 659 3915 777 3966; x_wconf 83' lang='lat' dir='ltr'>Ceterum</span> <span class='ocrx_word' id='word_1_342' title='bbox 794 3918 821 3966; x_wconf 90' lang='lat' dir='ltr'>in</span> <span class='ocrx_word' id='word_1_343' title='bbox 833 3918 872 3967; x_wconf 92' lang='lat' dir='ltr'>his</span> <span class='ocrx_word' id='word_1_344' title='bbox 884 3933 923 3966; x_wconf 86' lang='lat' dir='ltr'>vv.</span> <span class='ocrx_word' id='word_1_345' title='bbox 936 3919 1105 3981; x_wconf 86' lang='lat' dir='ltr'>corruptelam</span> <span class='ocrx_word' id='word_1_346' title='bbox 1117 3917 1196 3968; x_wconf 87' lang='lat' dir='ltr'>latere</span> <span class='ocrx_word' id='word_1_347' title='bbox 1209 3920 1283 3975; x_wconf 87' lang='lat' dir='ltr'>docet</span> 
     </span>
     <span class='ocr_line' id='line_1_39' title="bbox 160 3981 1282 4049; baseline 0.004 -17"><span class='ocrx_word' id='word_1_348' title='bbox 160 3985 269 4047; x_wconf 87' lang='lat' dir='ltr'>primum</span> <span class='ocrx_word' id='word_1_349' title='bbox 286 3985 342 4046; x_wconf 86' lang='lat' dir='ltr'>ipsa</span> <span class='ocrx_word' id='word_1_350' title='bbox 359 3998 412 4032; x_wconf 88' lang='lat' dir='ltr'>vox</span> <span class='ocrx_word' id='word_1_351' title='bbox 424 3981 548 4042; x_wconf 78' lang='lat' dir='ltr'>rncsculus,</span> <span class='ocrx_word' id='word_1_352' title='bbox 566 3985 637 4034; x_wconf 90' lang='lat' dir='ltr'>cuius</span> <span class='ocrx_word' id='word_1_353' title='bbox 649 3999 729 4047; x_wconf 83' lang='lat' dir='ltr'>genus</span> <span class='ocrx_word' id='word_1_354' title='bbox 741 3986 908 4034; x_wconf 85' lang='lat' dir='ltr'>masculinum</span> <span class='ocrx_word' id='word_1_355' title='bbox 921 4000 972 4035; x_wconf 91' lang='lat' dir='ltr'>non</span> <span class='ocrx_word' id='word_1_356' title='bbox 985 3987 1070 4047; x_wconf 87' lang='lat' dir='ltr'>habet,</span> <span class='ocrx_word' id='word_1_357' title='bbox 1090 4001 1141 4049; x_wconf 90' lang='lat' dir='ltr'>quo</span> <span class='ocrx_word' id='word_1_358' title='bbox 1153 3985 1282 4045; x_wconf 84' lang='lat' dir='ltr'>reseratur,</span> 
     </span>
     <span class='ocr_line' id='line_1_40' title="bbox 160 4052 1283 4116; baseline 0.002 -16"><span class='ocrx_word' id='word_1_359' title='bbox 160 4060 215 4100; x_wconf 88' lang='lat' dir='ltr'>tum</span> <span class='ocrx_word' id='word_1_360' title='bbox 233 4052 286 4114; x_wconf 90' lang='lat' dir='ltr'>ipse</span> <span class='ocrx_word' id='word_1_361' title='bbox 303 4052 378 4112; x_wconf 82' lang='lat' dir='ltr'>Prin,</span> <span class='ocrx_word' id='word_1_362' title='bbox 395 4052 438 4115; x_wconf 86' lang='lat' dir='ltr'>qui</span> <span class='ocrx_word' id='word_1_363' title='bbox 453 4057 492 4110; x_wconf 83' lang='lat'>19,</span> <span class='ocrx_word' id='word_1_364' title='bbox 505 4056 546 4100; x_wconf 82' lang='lat'>93.</span> <span class='ocrx_word' id='word_1_365' title='bbox 562 4059 588 4101; x_wconf 87' lang='lat' dir='ltr'>et</span> <span class='ocrx_word' id='word_1_366' title='bbox 604 4054 719 4102; x_wconf 86' lang='lat' dir='ltr'>masculo</span> <span class='ocrx_word' id='word_1_367' title='bbox 738 4061 763 4102; x_wconf 89' lang='lat' dir='ltr'>et</span> <span class='ocrx_word' id='word_1_368' title='bbox 778 4052 889 4102; x_wconf 81' lang='lat' dir='ltr'>feminco</span> <span class='ocrx_word' id='word_1_369' title='bbox 905 4055 1033 4103; x_wconf 89' lang='lat' dir='ltr'>scillarum</span> <span class='ocrx_word' id='word_1_370' title='bbox 1046 4052 1131 4116; x_wconf 84' lang='lat' dir='ltr'>generi</span> <span class='ocrx_word' id='word_1_371' title='bbox 1144 4069 1220 4104; x_wconf 86' lang='lat' dir='ltr'>usum</span> <span class='ocrx_word' id='word_1_372' title='bbox 1232 4068 1283 4102; x_wconf 89' lang='lat' dir='ltr'>rne-</span> 
     </span>
     <span class='ocr_line' id='line_1_41' title="bbox 160 4117 1283 4184; baseline 0.003 -17"><span class='ocrx_word' id='word_1_373' title='bbox 160 4119 245 4168; x_wconf 89' lang='lat' dir='ltr'>dioum</span> <span class='ocrx_word' id='word_1_374' title='bbox 262 4134 315 4167; x_wconf 87' lang='lat' dir='ltr'>non</span> <span class='ocrx_word' id='word_1_375' title='bbox 332 4121 447 4181; x_wconf 84' lang='lat' dir='ltr'>denegat.</span> <span class='ocrx_word' id='word_1_376' title='bbox 472 4159 503 4168; x_wconf 92' lang='lat'>..</span> <span class='ocrx_word' id='word_1_377' title='bbox 522 4118 631 4181; x_wconf 84' lang='lat' dir='ltr'>feminae</span> <span class='ocrx_word' id='word_1_378' title='bbox 648 4119 739 4184; x_wconf 75' lang='lat' dir='ltr'>niqrae,</span> <span class='ocrx_word' id='word_1_379' title='bbox 757 4122 801 4169; x_wconf 88' lang='lat' dir='ltr'>ad.</span> <span class='ocrx_word' id='word_1_380' title='bbox 820 4118 916 4183; x_wconf 83' lang='lat' dir='ltr'>femina</span> <span class='ocrx_word' id='word_1_381' title='bbox 931 4120 1011 4184; x_wconf 78' lang='lat' dir='ltr'>niqra,</span> <span class='ocrx_word' id='word_1_382' title='bbox 1027 4117 1078 4184; x_wconf 78' lang='grc' dir='ltr'>βγ.</span> <span class='ocrx_word' id='word_1_383' title='bbox 1102 4162 1132 4172; x_wconf 71' lang='grc'>-</span> <span class='ocrx_word' id='word_1_384' title='bbox 1161 4122 1222 4182; x_wconf 81' lang='lat' dir='ltr'>vivo,</span> <span class='ocrx_word' id='word_1_385' title='bbox 1239 4122 1283 4170; x_wconf 89' lang='lat' dir='ltr'>sd.</span> 
     </span>
     <span class='ocr_line' id='line_1_42' title="bbox 162 4185 1285 4250; baseline 0.004 -16"><span class='ocrx_word' id='word_1_386' title='bbox 162 4185 327 4250; x_wconf 70' lang='lat' dir='ltr'>uinqrvitio</span> <span class='ocrx_word' id='word_1_387' title='bbox 341 4203 481 4250; x_wconf 83' lang='lat' dir='ltr'>operarum.</span> <span class='ocrx_word' id='word_1_388' title='bbox 508 4185 590 4244; x_wconf 82' lang='lat' dir='ltr'>medio,</span> <span class='ocrx_word' id='word_1_389' title='bbox 605 4189 673 4238; x_wconf 83' lang='lat' dir='ltr'>Pint.</span> <span class='ocrx_word' id='word_1_390' title='bbox 700 4190 739 4239; x_wconf 91' lang='lat' dir='ltr'>De</span> <span class='ocrx_word' id='word_1_391' title='bbox 755 4189 1054 4250; x_wconf 63' lang='lat' dir='ltr'>santonensem.</span> <span class='ocrx_word' id='word_1_392' title='bbox 1074 4229 1104 4238; x_wconf 91' lang='lat'>..</span> <span class='ocrx_word' id='word_1_393' title='bbox 1132 4196 1285 4249; x_wconf 75' lang='lat' dir='ltr'>consecutust,</span> 
     </span>
     <span class='ocr_line' id='line_1_43' title="bbox 163 4247 716 4318; baseline 0.005 -16"><span class='ocrx_word' id='word_1_394' title='bbox 163 4253 196 4302; x_wconf 88' lang='grc' dir='ltr'>Τ.</span> <span class='ocrx_word' id='word_1_395' title='bbox 215 4293 246 4304; x_wconf 95' lang='grc'>...</span> <span class='ocrx_word' id='word_1_396' title='bbox 265 4252 440 4318; x_wconf 66' lang='lat' dir='ltr'>immorerentur,</span> <span class='ocrx_word' id='word_1_397' title='bbox 455 4247 483 4306; x_wconf 82' lang='grc' dir='ltr'>θ.</span> <span class='ocrx_word' id='word_1_398' title='bbox 503 4295 533 4304; x_wconf 86' lang='grc'>..</span> <span class='ocrx_word' id='word_1_399' title='bbox 553 4255 680 4318; x_wconf 67' lang='lat' dir='ltr'>conducet,</span> <span class='ocrx_word' id='word_1_400' title='bbox 693 4256 716 4305; x_wconf 89' lang='lat' dir='ltr'>d.</span> 
     </span>
    </p>
   </div>
   <div class='ocr_carea' id='block_1_7' title="bbox 0 0 1398 4726">
    <p class='ocr_par' dir='ltr' id='par_1_11' title="bbox 0 0 1398 4726">
     <span class='ocr_line' id='line_1_44' title="bbox 0 0 1398 4726; baseline 0 0"><span class='ocrx_word' id='word_1_401' title='bbox 0 0 1398 4726; x_wconf 95' lang='lat' dir='ltr'> </span> 
     </span>
    </p>
   </div>
  </div>
 </body>
</html>
