2754 4726
116 303 180 366 390
466 313 670 361 usrumms
692 311 886 388 nrs'roumu

116 490 226 534 morsu
248 488 371 543 carens,
394 463 525 529 lamium
547 475 690 529 vocatur.
722 461 775 527 De
799 463 967 546 scorpione
990 461 1137 528 dicemus
1159 463 1243 528 inter

115 569 265 636 medieas.
969 587 972 592 ·
1082 642 1085 649 Ι

159 667 259 734 XVI.
294 667 346 732 56.
380 663 531 731 Carduus
552 676 584 730 et
604 663 680 729 folia
708 674 740 728 et
761 663 884 728 caulem
907 664 1055 749 spinosae
1076 664 1241 752 lanuginis
1254 682 1282 726 st

116 770 224 847 habet,
245 769 324 833 item
338 789 466 845 acorna,
488 764 721 843 leucacanthos,
738 764 894 842 chalceus,
915 786 1042 844 onecos,
1065 765 1240 850 polyacan·

118 871 201 948 thos,
225 890 403 955 onopyxos,
425 867 563 945 helxine,
587 867 746 951 scolymos
752 889 761 942 3
786 865 990 932 chamaeleon
1010 866 1045 930 in
1067 866 1156 931 foliis
1178 889 1241 932 non

117 970 216 1037 habet
237 970 375 1035 aculeos.
408 967 468 1033 Est
494 979 527 1033 et
555 967 610 1032 illa
638 967 831 1043 differentia,
853 965 940 1050 quod
962 967 1123 1050 quaedam
1144 967 1179 1031 in
1200 967 1240 1032 iis

119 1070 317 1139 multicaulia
330 1091 518 1153 ramosaque
534 1079 618 1148 sunt,
641 1080 679 1132 ut
700 1068 849 1146 aeduus,
872 1088 937 1133 uno
952 1079 1058 1133 autem
1074 1069 1168 1134 caule
1181 1091 1240 1134 nec

117 1194 280 1239 ramosum
306 1191 432 1237 eneces.
469 1167 640 1249 Quaedam
661 1167 825 1232 cacumine
847 1176 970 1232 tantum
1001 1168 1133 1252 spinosa
1156 1180 1240 1246 sunt,

118 1285 155 1340 ut
177 1294 316 1360 erynge;
352 1270 510 1355 quaedam
536 1279 658 1334 aestate
679 1269 803 1347 florent,
830 1278 867 1333 ut
892 1268 1020 1334 tetralix
1046 1279 1080 1334 et
1101 1268 1240 1334 helxine.

119 1372 288 1456 Scolymos
314 1392 444 1455 quoque
474 1392 545 1435 sero
570 1369 662 1435 floret
689 1380 722 1434 et
743 1369 814 1445 diu3
849 1391 967 1434 acorna
988 1368 1095 1434 colore
1117 1381 1279 1434 tantuma

118 1475 190 1541 rufo
205 1471 417 1560 distinguitur
439 1481 472 1536 et
493 1470 663 1557 pinguiore
680 1491 765 1536 suco.
787 1469 879 1535 Idem
894 1480 964 1535 erat
977 1470 1145 1554 atractylis
1161 1492 1240 1554 quo-

117 1598 192 1663 que,
217 1574 280 1639 nisi
294 1572 460 1639 candidior
474 1582 557 1637 esset
579 1582 611 1637 et
631 1571 694 1637 nisi
715 1570 928 1659 sanguineum
950 1593 1063 1636 sucum
1084 1571 1242 1647 firndsret,

117 1698 183 1762 qua
205 1675 245 1740 de
268 1696 365 1740 causa
386 1672 509 1759 phonos
530 1681 662 1737 vocatur
681 1695 701 1736 a
714 1671 919 1756 quibusdam,
942 1672 1039 1737 odore
1054 1671 1150 1736 etiam
1165 1693 1242 1757 gra

118 1777 186 1855 vis,
215 1795 285 1841 sero
311 1784 544 1838 maturescente
570 1772 691 1838 semine
713 1795 773 1838 nec
794 1783 869 1838 ante
890 1783 1097 1850 autumnum,
1126 1794 1242 1856 quam·

118 1899 215 1963 quam
229 1874 264 1938 id
278 1873 318 1939 de
337 1872 485 1939 omnibus
508 1873 647 1958 spinosis
669 1872 734 1938 dici
755 1883 878 1957 potest3
901 1896 1012 1939 verum
1034 1873 1144 1939 omnia
1164 1873 1244 1938 haee

120 1988 152 2044 et
173 1977 296 2042 semine
317 1984 350 2040 et
368 1975 477 2040 radice
498 1974 587 2039 nasci
609 1984 752 2060 possunt.
775 1971 948 2059 Scolymus
970 1974 1166 2041 carduorum
1184 1997 1241 2061 ge·
1254 1989 1283 2034 su

119 2079 207 2146 neris
233 2079 274 2145 ab
300 2076 340 2145 iis
367 2076 481 2153 distat,
507 2075 594 2159 quod
620 2075 713 2139 radix
739 2074 809 2140 eius
836 2074 994 2141 vescendo
1022 2085 1073 2141 est
1098 2074 1241 2141 decocta.

120 2179 243 2243 Mirum
269 2177 356 2261 quod
383 2176 452 2240 sine
478 2175 647 2242 intervallo
674 2186 740 2239 tota
767 2186 886 2241 aestate
912 2175 1001 2240 aliud
1027 2176 1121 2240 floret
1147 2177 1182 2240 in
1204 2197 1242 2242 ee

120 2298 253 2365 genere,
282 2274 370 2339 aliud
391 2275 540 2358 concipit,
564 2275 651 2339 aliud
674 2276 827 2359 parturit3
855 2276 958 2342 aculei
979 2287 1147 2342 arescente
1168 2275 1243 2342 folio

121 2375 271 2441 desinunt
299 2395 453 2461 pungere.
486 2374 628 2440 Helxine
649 2398 722 2439 rara
747 2378 819 2445 visu
841 2389 888 2442 est
910 2399 1016 2461 neque
1036 2377 1071 2441 in
1093 2376 1243 2443 omnibus

92 2512 94 2518 ’
155 2521 233 2576 caret,
249 2530 268 2562 r.
288 2555 318 2563 ..
338 2514 483 2580 aonymt‘um,
500 2517 531 2565 R.
553 2557 582 2564 -
601 2514 704 2565 dicemus
719 2522 760 2572 22,
773 2523 813 2566 39.

156 2580 170 2641 §
184 2587 224 2630 94.
240 2579 308 2642 folia
319 2591 341 2631 et
353 2581 441 2631 caulem
453 2582 562 2646 spinosae
575 2581 701 2647 lenuqc'nis,
719 2594 790 2633 vetus
802 2585 864 2632 liber
875 2599 917 2646 ap.
930 2583 1037 2634 Salmas.
1049 2597 1132 2632 exerc.
1146 2599 1171 2646 p.
1184 2589 1241 2634 369.

122 2666 144 2698 a.
162 2648 191 2698 G.
210 2647 279 2711 solie
295 2657 318 2697 et
333 2650 412 2699 caulas
427 2650 536 2713 spismae
552 2649 679 2714 lenaqim'e,
700 2644 779 2700 Oltv
797 2650 836 2711 (in
853 2666 903 2713 quo
920 2650 1027 2699 cautelae
1044 2648 1150 2712 legitur)
1167 2653 1241 2711 Ter.

113 2715 179 2777 folio
191 2724 212 2765 et
224 2715 290 2765 ceule
301 2717 409 2780 spinosus
422 2717 550 2782 lunaqiees,
562 2713 591 2778 β
603 2758 633 2767 -
645 2734 740 2777 acorna
753 2721 827 2767 codd.
839 2719 953 2767 Barbari.
971 2735 1053 2778 acore,
1065 2719 1099 2768 V.
1112 2733 1209 2776 eccere,
1219 2720 1242 2765 d.

121 2782 240 2843 machera,
253 2785 284 2833 R.
304 2824 335 2833 ..
363 2783 532 2846 leucacanthos,
544 2786 588 2833 Rd
600 2784 684 2847 (codd.
697 2783 823 2843 Barbari).
850 2784 1021 2845 lecturiremus,
1038 2787 1072 2835 V.
1100 2784 1242 2841 leucanthes,

122 2852 224 2901 Thuan.
234 2866 274 2913 ap.
281 2851 388 2902 Salmas.
397 2891 428 2900 ..
438 2849 543 2901 chalceus
551 2868 639 2912 caecos,
648 2853 715 2903 Pint.
724 2861 750 2902 st
759 2853 870 2903 Turneb.
880 2854 936 2902 adv.
948 2859 988 2914 16,
997 2849 1021 2901 2.
1040 2851 1146 2900 chalceus
1156 2852 1243 2910 endas,

125 2913 200 2981 θβγ.
218 2917 324 2967 chalceus
335 2917 423 2979 onidos,
432 2920 505 2970 codd.
514 2921 628 2970 Barbari.
646 2918 804 2979 chuldcnecoa
813 2921 839 2969 V
848 2917 963 2980 (Thuan.
973 2929 998 2969 et
1009 2921 1051 2974 alii
1063 2921 1119 2969 libri
1131 2934 1172 2981 ap.
1183 2918 1242 2968 Sal·

120 2983 197 3046 mas.)
214 2984 375 3046 cheldonecos,
385 2989 409 3037 d.
430 2985 535 3036 chalceus
550 3003 629 3036 caecos
638 2985 809 3052 polyucunthos
818 3002 868 3036 om.
879 2988 909 3035 R.
920 3028 949 3036 -
960 3003 1083 3052 enopyror,
1092 2988 1166 3036 codd.
1176 2986 1240 3034 Bar-

120 3054 182 3103 ban'.
201 3069 326 3118 onopyqoq
335 3055 366 3104 R.
385 3070 521 3118 ccaopyqos,
534 3056 581 3104 Vd
593 3052 720 3116 (Thean.)
731 3096 761 3103 -
772 3053 866 3115 seciae,
876 3056 921 3104 Vd
931 3053 1059 3117 (Thean.)
1077 3052 1156 3112 alsine,
1165 3054 1198 3103 R.
1210 3093 1242 3102 -

121 3118 225 3182 haberet,
238 3124 271 3173 V.
286 3163 317 3173 ..
332 3121 411 3171 multis
422 3120 510 3182 caelia,
522 3122 576 3171 Vd.
592 3162 623 3171 -
638 3120 733 3183 cardus,
745 3124 777 3171 R.
793 3163 824 3171 -
839 3138 880 3170 nec
895 3138 1022 3183 rumosam,
1039 3124 1076 3171 vir
1093 3123 1184 3170 doctus
1202 3136 1242 3185 ap.

120 3190 225 3238 Berhar.
244 3205 271 3238 ne
283 3207 408 3249 remoram,
420 3190 483 3241 RV.
501 3205 626 3250 ramosum,
640 3191 683 3240 Td
696 3188 781 3251 (codd.
791 3187 918 3250 Barbari).
935 3187 979 3237 sed
988 3204 1088 3248 ramoso,
1098 3189 1243 3243 Pontedera

121 3256 247 3317 antiquitt.
256 3271 282 3317 p.
293 3263 349 3306 612.
362 3298 393 3306 -
406 3273 493 3317 caecos,
503 3259 534 3306 R.
552 3273 640 3318 eneces,
656 3249 714 3307 OV.
733 3265 759 3305 ut
770 3272 844 3315 eccos,
857 3258 888 3306 Τ.
906 3265 933 3305 ut
944 3258 1050 3317 caecad.
1067 3255 1157 3315 cnidos,
1168 3257 1242 3306 codd.

120 3322 232 3370 Barbari.
245 3322 328 3383 scices,
340 3320 390 3386 βγ.
409 3337 549 3382 ramosaque
559 3331 613 3369 sunt
624 3331 650 3370 at
661 3340 749 3386 enecet,
761 3340 807 3372 uno
818 3332 895 3372 eutem
907 3323 975 3373 ceule
986 3332 1008 3371 et
1019 3339 1139 3371 rumosam
1151 3331 1178 3371 ut
1189 3339 1243 3372 cer-

121 3386 189 3447 duus,
203 3389 270 3437 Pint.
284 3404 317 3438 ex
327 3388 500 3452 Theophrasti
513 3387 571 3436 hist.
580 3389 659 3451 plant.
671 3392 717 3441 VI.
728 3400 751 3450 4,
761 3399 784 3440 4.
797 3393 921 3454 scriptura
932 3393 1042 3453 vulgata,
1057 3406 1124 3453 quae
1136 3406 1196 3440 vcro
1210 3405 1243 3439 ex

120 3455 242 3504 Urbiuate
258 3456 351 3516 insigni
367 3461 503 3516 augmento
521 3455 600 3504 ditata
617 3466 666 3518 est,
688 3467 716 3508 ut
736 3467 840 3522 uterquc
860 3460 967 3522 scriptor
986 3460 1036 3508 iam
1053 3459 1100 3508 sibi
1118 3459 1241 3508 concinat.

37 3532 47 3542 “
122 3563 153 3571 ..
170 3538 262 3587 erynye,
276 3524 348 3570 codd.
361 3522 475 3572 Barbari.
493 3536 601 3586 eryncue,
613 3527 643 3575 R.
662 3524 773 3588 erynqeh',
786 3527 819 3575 V.
837 3526 938 3591 erynqel,
954 3527 977 3575 d.
996 3525 1128 3589 especiem,
1140 3521 1191 3590 βγ.
1211 3566 1241 3574 ..

120 3598 146 3638 at
158 3588 261 3650 tetralix,
279 3591 352 3638 codd.
364 3589 476 3639 Barbari.
504 3589 606 3650 tetralice,
619 3593 650 3641 R.
678 3600 703 3639 ut
716 3592 847 3654 tetralismz',
858 3595 892 3643 V.
918 3592 1124 3653 attetrahet'm,d.
1144 3591 1242 3642 -hel-

120 3656 182 3718 eine,
194 3661 267 3706 codd.
279 3657 391 3706 Barbari.
411 3655 503 3715 alixius,
516 3659 547 3707 R.
566 3657 666 3724 helsyne,
679 3661 712 3709 V.
731 3658 826 3722 helciae,
839 3663 854 3710 d
867 3669 895 3709 ut
906 3676 1013 3723 semper.

154 3724 169 3784 ἓ
183 3730 222 3775 95.
241 3723 369 3788 scolymos,
385 3717 494 3774 ORVd.
518 3724 647 3791 Scolymus,
659 3723 709 3791 βγ.
729 3769 759 3776 -
782 3727 920 3790 rerofloret,
933 3729 994 3778 RV.
1010 3727 1086 3791 floret
1096 3743 1158 3786 rere,
1171 3723 1242 3792 (Ιβγ.

121 3833 152 3841 ..
174 3799 196 3839 et
212 3791 260 3850 diu,
277 3794 328 3842 Rd.
356 3791 379 3839 ei
392 3789 456 3852 dieu,
473 3794 506 3843 V.
529 3835 560 3843 ..
588 3810 685 3854 ecorm,
703 3795 807 3844 Barbar.
824 3799 847 3845 d.
877 3812 974 3855 aeone,
991 3796 1023 3845 R
1050 3811 1131 3855 mone,
1146 3796 1182 3845 V.
1209 3795 1241 3845 V.

121 3860 312 3924 Theophr.l.l.
329 3859 376 3908 VI.
390 3868 413 3919 4,
427 3866 449 3910 6.
469 3902 499 3910 ..
526 3861 666 3926 atractyllis,
682 3861 745 3912 RV.
766 3903 796 3911 -
824 3863 943 3925 alsi,Vd.
962 3864 1063 3914 Ona.
1084 3904 1114 3913 -
1140 3864 1241 3923 esse,Pa

122 3967 152 3976 ..
172 3928 294 3990 que,Vd.
318 3929 429 3989 qaee‚R.
449 3969 478 3978 ..
501 3928 581 3992 preci,
593 3930 626 3979 K.
646 3970 676 3978 ..
701 3944 742 3978 nec
754 3937 876 3980 ente-et
886 3930 979 3993 semine,
992 3947 1042 3981 om.
1055 3931 1089 3979 V.
1109 3972 1139 3980 ..
1159 3945 1241 3997 qutun

120 4009 200 4055 quem,
213 3998 236 4045 d.
255 4011 334 4057 quum,
346 3995 377 4043 R.
398 4037 427 4044 ..
447 3995 532 4055 rudici,
544 3998 577 4046 V.

155 4060 223 4122 §96
247 4060 316 4111 eliud
328 4063 441 4124 pertarit,
459 4080 510 4114 cm.
522 4065 554 4114 R.
575 4064 647 4114 Atv.
661 4065 792 4128 Theophr.
804 4065 821 4113 l.
834 4065 851 4113 l.
864 4065 911 4114 VI.
925 4073 948 4125 4,
961 4072 984 4116 8.
1005 4107 1034 4115 ...
1054 4063 1167 4126 Helvius,
1179 4066 1241 4116 Bar·

12 4134 15 4141 “
121 4131 174 4180 bar.
202 4129 295 4191 heleias,
312 4130 396 4180 RVd.
422 4173 452 4180 -
479 4132 504 4180 in
521 4131 633 4190 omnihus,
649 4131 712 4181 RV.
738 4131 849 4192 omnzhua,
866 4133 919 4183 Td.
943 4173 973 4182 ..
1001 4131 1123 4192 erudice,
1140 4133 1177 4181 ita
1194 4147 1242 4181 nos

121 4199 272 4262 scripsimus.
300 4197 457 4259 esteradice,
470 4200 501 4248 R.
528 4196 739 4265 eradicaVTd.
763 4207 805 4260 est,
821 4198 909 4260 radice,
921 4195 950 4262 β.
977 4198 1140 4259 estarudt‘ce,
1151 4213 1176 4265 γ.
1201 4196 1239 4264 pr·

122 4260 254 4329 ζόφυλλον
272 4262 304 4312 δὲ
323 4259 405 4329 ἔστιν,
424 4266 555 4328 Theophr.
568 4266 625 4315 hist.
638 4267 718 4329 plant.
731 4266 777 4316 Vl.
791 4274 815 4326 4,
828 4273 851 4318 2.
871 4308 901 4317 -
926 4283 988 4330 qau3
1004 4282 1052 4331 pro
1068 4268 1095 4317 h.
1108 4283 1132 4316 v.
1147 4267 1242 4317 habeut
