2754 4726
168 272 230 339 8110
523 285 726 333 8888188818
749 285 944 331 ursroruss

210 440 262 507 87.
284 436 500 525 Praesagiuut
521 447 551 503 et
574 435 733 514 animalia,
756 434 898 521 delphini
919 434 1090 518 tranquillo
1104 437 1185 501 mari
1200 437 1297 509 lasei-
1309 456 1351 502 aer

168 542 291 607 vientes
312 539 434 617 flatum,
457 560 498 603 ex
519 560 584 623 qua
605 537 739 605 veniunt
752 549 855 624 parte,
878 537 955 603 item
970 548 1162 624 spargentes
1175 559 1298 623 aquam

169 638 296 709 turbato
324 638 589 723 tranquillitatem.
626 637 757 724 Lolligo
788 637 940 716 volitans,
972 636 1113 703 conchae
1139 638 1297 711 adbaere-

169 753 308 819 soentes‚
337 739 441 809 echini
468 739 646 827 adfigentes
669 760 739 805 sese
761 749 817 808 aut
838 738 958 807 harena
980 737 1186 811 saburrantes
1212 750 1296 813 tem.

167 840 300 929 pestatis
328 839 540 927 signarunt,
573 861 670 909 ranae
697 861 824 924 quoque
853 839 936 905 ultra
963 839 1091 909 solitum
1112 841 1241 909 vocales
1262 852 1297 909 et

167 941 282 1013 tuliae
314 939 470 1009 matutino
503 939 669 1026 clangore3
708 940 785 1007 item
823 940 928 1029 mergi
965 951 1139 1026 anatesque
1177 942 1297 1028 pinnas
1307 959 1352 1004 aas

168 1053 273 1113 rostro
294 1051 469 1130 purgantes
496 1052 627 1108 ventum
653 1051 843 1124 naturaeque
870 1041 1038 1124 aquaticae
1059 1063 1137 1123 qm
1158 1065 1294 1113 coneur-

170 1155 286 1220 tentes,
301 1164 400 1229 grues
414 1143 448 1211 in
462 1141 692 1213 mediterranea
704 1139 904 1220 festinantes,
927 1141 1041 1230 mergi,
1063 1142 1180 1230 gaviae
1192 1144 1297 1211 meda

169 1253 226 1311 aut
251 1253 368 1331 stagna
399 1242 578 1330 lugientem
612 1265 710 1331 grues
739 1241 864 1311 silentio
894 1265 954 1329 per
987 1242 1124 1313 sublime
1150 1245 1296 1313 volantes

171 1343 391 1423 serenitatem
425 1343 473 1410 sie
494 1354 613 1411 noctua
633 1343 668 1409 iu
689 1343 793 1419 imbre
814 1343 958 1435 gargulus,
987 1356 1021 1411 at
1049 1367 1180 1424 sereno,
1212 1356 1295 1413 tem-

169 1455 344 1533 pestatem,
373 1442 525 1529 corvique
554 1443 696 1533 singultu
722 1445 862 1529 quodam
882 1445 1035 1513 latrantes
1057 1467 1156 1530 seque
1177 1452 1295 1517 conou-

171 1544 302 1626 tientes‚
336 1547 363 1615 si
393 1544 642 1626 continuabunt,
676 1557 806 1624 ventos,
846 1545 873 1610 si
906 1568 982 1612 vero
1009 1547 1144 1632 carptim
1184 1556 1297 1615 vocem

171 1646 393 1726 resorbsbuut,
415 1659 586 1715 ventosum
599 1647 735 1713 imbrem
741 1672 751 1724 3
774 1647 900 1751 Qun
922 1669 993 1713 sere
1015 1670 1036 1713 a
1055 1648 1184 1734 pabulis
1205 1672 1296 1716 rece·
1307 1663 1353 1711 aaa

170 1747 283 1814 dentes
303 1746 455 1826 hiemem,
485 1758 518 1812 et
546 1748 637 1813 albae
662 1770 740 1834 aves
767 1769 841 1813 oum
863 1746 1147 1835 congregabuntur
1168 1759 1201 1813 et
1222 1771 1297 1817 cum

171 1857 340 1915 terrestres
368 1847 516 1919 volueres
543 1858 654 1915 contra
682 1871 797 1932 aquam
825 1849 992 1935 clangores
1018 1847 1143 1915 dabunt
1163 1850 1296 1936 perfun-

171 1948 349 2034 dentesque
381 1972 467 2028 sese,
505 1950 563 2017 sed
594 1972 745 2016 maxume
777 1950 904 2028 aornim
936 1949 1075 2050 tho
1109 1960 1174 2019 tam
1204 1951 1299 2019 iuxta

170 2071 288 2134 aquam
315 2051 452 2118 volitans
478 2064 516 2119 ut
541 2051 641 2136 pinna
669 2075 764 2138 saepe
795 2051 974 2135 percutiat,
1008 2073 1155 2136 quaeque
1183 2051 1219 2119 iu
1243 2075 1297 2119 ar-

170 2148 304 2216 boribus
329 2149 490 2228 habitant,
523 2152 700 2239 firgitantes
726 2153 761 2216 in
787 2151 872 2216 nidis
895 2151 979 2227 suis;
1013 2160 1045 2217 et
1065 2174 1197 2239 afflues
1218 2175 1298 2225 eon-

171 2247 261 2315 tinuo
283 2251 432 2336 clangore
453 2251 683 2337 intempestivi,
705 2253 804 2319 ardea
824 2254 859 2318 in
879 2251 994 2323 mediis
1015 2252 1143 2319 harenis
1164 2252 1278 2321 tristis.

213 2351 265 2417 88.
292 2347 362 2417 Neo
382 2351 499 2423 mirum
520 2354 684 2438 aquaticas
705 2364 762 2419 aut
783 2353 817 2419 in
840 2364 939 2419 totum
963 2355 1107 2421 volucres
1127 2355 1359 2442 praesagia-aet

170 2450 255 2517 aeris
278 2452 405 2519 sentire.
425 2452 550 2519 Pecora
571 2455 766 2521 exsultantia
788 2466 818 2520 et
839 2454 989 2521 indecora
1010 2456 1142 2523 lascivia
1155 2455 1304 2523 ludentia
1369 2478 1372 2483 ·

73 2620 80 2625 ,
172 2552 300 2618 easdem
327 2554 575 2640 significationes
602 2555 739 2635 habent,
774 2565 806 2623 et
832 2554 932 2623 boves
958 2556 1082 2623 eaelum
1109 2557 1301 2623 olfactantes

172 2677 270 2739 seque
291 2655 469 2724 lambentes
492 2669 603 2724 contra
624 2658 739 2744 pilum,
774 2668 947 2742 turpesque
974 2658 1064 2744 porci
1091 2657 1213 2722 alienos
1236 2657 1300 2725 sibi

171 2757 351 2842 manipulos
373 2758 441 2823 leui
461 2759 655 2836 lacerantes,
680 2750 885 2844 segniterque
912 2768 944 2823 et
973 2768 1083 2823 contra
1104 2758 1301 2823 industriam

172 2880 263 2921 suam
285 2881 364 2950 appa
387 2860 602 2937 absconditae,
625 2859 776 2953 fquae
798 2870 1026 2924 concursantes
1051 2871 1107 2924 aut
1131 2880 1193 2924 ova
1217 2880 1297 2945 pro·

170 2968 330 3044 gerentes,
353 2960 429 3025 item
453 2985 575 3026 vermes
598 2961 715 3026 terreni
737 2970 950 3045 erumpentes.

204 3169 289 3228 §ecl
314 3166 428 3229 dubbini,
442 3171 465 3218 d.
489 3186 519 3218 ae
530 3167 642 3233 delphini,
654 3185 677 3218 a.
701 3169 735 3219 V.
748 3167 878 3230 Theophr.
896 3181 923 3215 rc.
936 3181 1000 3232 apa.
1015 3163 1089 3215 aaut.
1106 3174 1127 3227 1,
1143 3174 1181 3218 19.
1198 3184 1223 3231 p.
1238 3169 1298 3220 787.

170 3271 200 3278 ..
226 3231 323 3278 ueniant
336 3243 438 3294 partem,
455 3237 481 3283 d.
500 3277 531 3284 -
559 3253 648 3299 aquam
666 3237 767 3296 turbate,
785 3237 857 3284 codd.
871 3233 928 3284 Gel.
955 3250 1043 3296 uquam
1059 3233 1087 3281 id
1102 3241 1137 3282 eat
1153 3236 1254 3295 turbato,
1272 3252 1297 3287 a.

170 3312 258 3358 aquam
275 3297 328 3343 item
347 3301 481 3357 turbatam,
500 3303 524 3349 d.
550 3343 580 3350 -
609 3301 798 3364 tranquillitate,
817 3319 840 3352 a.
865 3341 896 3350 ..
925 3300 1040 3362 sonitum,
1058 3317 1081 3350 a.
1110 3303 1144 3351 V.
1162 3303 1296 3366 Theophr.

169 3365 185 3411 1.
204 3364 221 3411 1.
244 3368 319 3423 l,15.
337 3380 362 3426 p.
379 3370 435 3415 rec.

203 3432 287 3493 §362
314 3438 484 3489 concurrentes,
502 3434 554 3481 Td.
573 3474 603 3481 -
623 3433 817 3495 festinatumque.
836 3435 968 3498 fugientes,
986 3437 1037 3485 Td.
1058 3477 1087 3484 ..
1113 3434 1208 3496 quiriae,
1225 3436 1295 3486 Pina.

168 3497 259 3557 caviac,
272 3499 321 3548 Tu.
343 3498 421 3556 cavia,
434 3501 457 3548 d.
471 3499 559 3549 Omitt.
572 3495 622 3563 βγ.
642 3541 672 3548 -
690 3516 768 3563 praes,
781 3502 912 3565 Theophr.
926 3504 943 3552 l.
956 3504 973 3553 1.
987 3509 1010 3561 4,
1023 3510 1046 3551 3.
1059 3519 1083 3566 p.
1099 3507 1155 3552 798.
1174 3543 1205 3550 -
1224 3501 1296 3563 meat,

168 3567 222 3615 Td.
243 3608 272 3613 -
297 3573 330 3623 81,
342 3567 374 3615 Κ.
398 3573 448 3627 aut,
461 3567 535 3614 Tad.
556 3608 586 3615 -
611 3583 694 3619 serena
713 3574 846 3630 tempestate
857 3570 923 3618 cervi
932 3569 1044 3633 ainqultu,
1057 3571 1089 3619 Κ.
1113 3570 1147 3619 V.
1160 3570 1294 3633 Theophr.

72 3650 75 3657 ¹
168 3635 215 3680 1.1.
232 3640 253 3690 1,
269 3638 307 3681 16.
320 3649 344 3696 ρ.
358 3634 414 3682 786.
434 3675 465 3682 -
485 3641 571 3691 ventas,
584 3637 666 3685 omitt.
679 3653 701 3685 a.

201 3702 215 3762 ξ
229 3706 285 3749 363.
302 3699 397 3762 pabula,
410 3702 461 3750 Td.
482 3742 512 3749 -
532 3700 602 3749 albae
615 3718 677 3763 auec,
689 3704 821 3766 Theopbr.
835 3706 852 3754 l.
865 3706 882 3754 1.
895 3711 919 3766 8,
935 3711 973 3755 10.
986 3719 1010 3768 p.
1026 3707 1081 3755 796.
1098 3744 1129 3752 ..
1146 3701 1294 3768 persuaden-

169 3775 254 3828 tesque,
267 3768 338 3816 Tad.
356 3767 531 3830 perfundentes,
542 3765 592 3833 βγ.
607 3811 636 3818 -
654 3770 743 3833 pinnis,
756 3772 788 3820 Τ.
806 3773 839 3821 V.
852 3773 984 3835 Theophr.
998 3773 1014 3821 l.
1027 3772 1044 3820 l.
1060 3775 1081 3831 1,
1096 3777 1135 3821 15.
1148 3786 1174 3835 p.
1189 3774 1246 3822 786.
1260 3813 1292 3820 -

75 3907 80 3912 ι
159 3833 289 3897 fuqientes,
302 3836 332 3883 T.
353 3877 384 3883 -
402 3836 427 3884 in
439 3834 507 3884 nidos
519 3853 581 3898 suos,
594 3839 625 3886 K.
646 3879 676 3886 -
695 3854 798 3900 8888888,
813 3840 944 3902 Theopbr.
957 3841 974 3889 1.
987 3840 1004 3888 1.
1017 3845 1042 3900 8,
1055 3844 1078 3888 8.
1090 3854 1115 3902 p.
1130 3842 1188 3890 794.

200 3900 286 3961 §364
313 3901 452 3964 exultantia,
470 3921 491 3953 a.
516 3946 546 3953 -
575 3904 672 3966 lasciua,
690 3922 712 3955 a.
732 3947 764 3955 ..
791 3905 883 3954 eaedem
900 3905 1093 3971 siqnficahonea,
1110 3907 1165 3956 Ta.
1194 3903 1292 3955 canalem

165 3968 366 4031 significationem,
382 3966 432 4034 βγ.
452 4013 482 4020 -
507 3980 590 4021 contra
604 3972 717 4036 pilum‚d
735 3973 822 4036 (codd.
836 3973 905 4036 Gal.)
928 3983 1012 4023 contra
1020 3972 1137 4037 pluviam,
1154 3990 1188 4024 ar
1203 3971 1291 4035 (codd.

166 4036 292 4099 Barbari).
311 4037 380 4086 citam
391 4037 506 4101 pluviam,
518 4042 550 4090 Κ.
570 4043 601 4091 V.
616 4043 746 4105 Theophr.
760 4044 806 4092 1.1.
822 4049 844 4103 1,
859 4048 897 4091 15.
910 4057 936 4106 p.
951 4047 1008 4094 786.
1027 4083 1058 4091 ...
1077 4040 1168 4092 alienos
1181 4041 1235 4102 dui,
1246 4043 1290 4092 ad.

165 4101 244 4152 alieno
258 4105 371 4167 subsultu,
388 4108 439 4167 K',
457 4109 526 4170 quod
545 4110 635 4171 probat
651 4109 672 4159 1.
685 4111 717 4160 H.
731 4111 807 4160 Voss.
824 4110 1030 4161 adArat.1121.
1047 4125 1072 4173 p.
1086 4116 1144 4160 203.
1168 4109 1246 4159 aliene
1257 4108 1290 4159 ei·

166 4169 281 4233 1818,Κέ
302 4215 331 4222 -
355 4174 491 4238 aequiterna,
504 4179 547 4225 ad.
568 4217 598 4225 -
617 4192 686 4239 apem
705 4194 727 4227 v.
741 4180 854 4229 adnotat.
867 4193 919 4241 scq.
938 4218 968 4226 -
988 4176 1120 4241 formicae,
1136 4194 1159 4227 a.
1188 4175 1289 4241 velser-

165 4239 246 4301 micae,
264 4243 287 4290 d.
307 4241 429 4304 formicae
446 4241 489 4303 uel,
507 4245 579 4295 codd.
593 4243 648 4295 Gel.
664 4238 715 4308 βγ.
743 4245 774 4296 18
790 4254 845 4296 toto
862 4260 920 4296 vero
934 4245 1063 4306 hocloco,
1081 4244 1117 4294 uti
1131 4245 1208 4311 vulgo
1219 4246 1288 4308 lege-
