2754 4726
337 330 407 376 nra.
422 329 497 376 xxr.
529 326 609 375 css.
624 328 698 375 xrv.
715 326 775 373 xv.
804 324 902 374 sacr.
918 328 1000 373 aar.
1163 308 1225 373 387

106 479 238 566 quidem
251 478 457 557 fertilissima,
481 478 538 545 sed
560 489 596 543 ut
617 490 719 564 prope
740 478 807 543 sola
821 477 861 542 iis
876 498 983 543 carere
998 478 1116 562 possit3
1140 488 1228 543 tanta

106 591 158 647 est
179 580 322 646 ciborum
345 603 386 646 ex
407 577 515 645 herbis
537 577 742 644 abundantia.
764 577 804 642 In
824 577 918 643 Italia
937 579 1147 663 paucissimas
1168 602 1227 646 no-

106 680 224 759 vimus,
247 682 349 768 fraga,
372 691 526 759 tamnum,
553 702 693 759 ruscum,
722 678 822 744 batim
844 678 1009 756 marinam,
1031 677 1131 744 batim
1151 680 1227 746 bor-

107 782 243 849 tensiam
269 802 366 869 quarn
393 782 490 866 aliqui
523 803 715 868 asparagum
742 778 904 846 Gallicum
937 790 1068 857 vocant3
1101 794 1229 867 praeter

106 883 165 949 has
187 883 387 970 pastinacam
408 894 607 970 pratensem,
629 883 741 969 lupum
763 881 974 961 salictarium,
997 903 1099 965 eaque
1121 883 1229 949 verius

106 984 341 1051 oblectamenta
362 1006 459 1070 quam
481 984 579 1050 cibos.

152 1086 203 1150 51.
236 1085 275 1150 In
301 1083 456 1172 Aegypto
481 1085 680 1151 nobilissima
707 1096 758 1152 est
786 1085 945 1151 colocasia
970 1105 1068 1170 quam
1095 1105 1231 1170 cyamon
1244 1099 1274 1145 sa

108 1186 208 1272 aliqui
235 1198 360 1253 vocant.
396 1186 495 1251 Hanc
516 1209 534 1253 e
555 1184 632 1251 Nilo
658 1197 799 1263 metunt,
827 1182 918 1252 caule
944 1207 1018 1252 cum
1045 1195 1156 1251 coctus
1182 1196 1246 1252 est.
1332 1237 1338 1249 .

109 1308 263 1354 araneoso
285 1289 319 1352 in
339 1287 535 1365 mandendo,
563 1287 675 1372 thyrso
701 1297 807 1352 autem
834 1287 890 1372 qui
911 1287 995 1355 inter
1016 1287 1094 1352 folia
1114 1286 1231 1352 emicat

109 1388 287 1474 spectabili,
311 1389 397 1454 foliis
418 1388 594 1466 latissimis,
617 1389 714 1454 etiam
736 1389 764 1453 si
785 1389 928 1455 arboreis
942 1398 1167 1475 conparentur,
1189 1388 1232 1453 ad

109 1489 349 1556 similitudinem
376 1513 487 1556 eorum
514 1512 597 1575 quae
617 1500 788 1575 personata
808 1489 843 1553 in
864 1489 982 1555 nostris
1002 1487 1152 1553 amnibus
1173 1509 1231 1553 vo·

108 1612 227 1671 camus,
250 1590 393 1676 adeoque
413 1588 480 1655 Nih
502 1590 552 1655 sui
575 1588 713 1655 dotibus.
726 1587 870 1678 gaudent
890 1598 927 1655 ut
947 1589 1087 1674 inplexis
1108 1588 1231 1655 colooa·

108 1691 174 1756 siae
202 1691 287 1757 foliis
315 1690 349 1755 in
375 1692 496 1756 variam
529 1691 669 1776 speciem
697 1711 847 1757 vasorum
873 1700 984 1776 potare
1013 1689 1232 1777 gratissimum

108 1791 257 1857 habeant.
291 1789 418 1857 Seritur
437 1791 503 1855 iarn
522 1790 602 1856 haec
622 1792 657 1855 in
677 1790 782 1855 Italia.

152 1894 204 1957 52.
226 1892 266 1955 In
288 1892 445 1978 Aegypto
466 1912 625 1976 proxuma
646 1892 818 1957 auctoritas
841 1891 981 1958 cichorio
1003 1904 1052 1959 est
1073 1893 1160 1979 quod
1181 1893 1231 1957 di·
1246 1906 1277 1951 ⁸8

110 1994 218 2058 ximus
232 1990 381 2056 intubum
396 1991 576 2056 erraticum.
597 1989 749 2057 Nascitur
762 2002 837 2078 post
857 1993 1020 2081 vergilias,
1040 1993 1136 2059 floret
1156 2016 1232 2081 par·

109 2093 207 2158 ticula
229 2092 313 2169 eius3
341 2087 433 2156 radix
462 2092 492 2157 ei
512 2092 615 2169 lenta,
645 2114 746 2177 quare
768 2093 865 2158 etiam
886 2093 929 2158 ad
950 2094 1079 2160 vincula
1100 2103 1233 2159 utuntur

109 2195 174 2259 illa.
207 2191 394 2260 Anthalium
416 2192 544 2281 longius
567 2215 586 2257 a
606 2191 738 2257 flumine
759 2193 902 2259 nascitur
923 2195 1050 2282 mespili
1070 2193 1231 2283 magnitu-

110 2289 184 2358 dine
206 2304 239 2358 et
259 2292 470 2371 rotunditate,
494 2294 563 2359 sine
584 2295 713 2373 nucleo,
748 2294 816 2360 sine
838 2295 971 2373 cortice,
1005 2296 1082 2361 folio
1105 2297 1231 2382 cyperi3

110 2396 265 2460 mandunt
285 2394 352 2482 igni
375 2406 538 2481 paratum,
566 2395 723 2459 mandunt
750 2407 784 2460 et
811 2406 918 2461 oetum
945 2397 998 2462 osai
1024 2420 1129 2484 pauca
1158 2396 1234 2461 folia

112 2496 326 2579 minumaque,
349 2518 460 2560 verum
476 2488 570 2560 radix
590 2518 719 2581 magna.
748 2495 935 2561 Araohidna
954 2496 1085 2580 quidem
1107 2507 1139 2561 et
1159 2519 1232 2561 ara-
1246 2510 1278 2554 8⁹

113 2618 167 2661 cos
194 2618 266 2660 cum
287 2596 427 2662 habeant
448 2596 573 2660 radices
594 2616 737 2660 ramosas
759 2617 796 2661 ao
816 2594 1012 2680 multiplicis,
1040 2617 1101 2660 nec
1121 2595 1234 2660 folium

112 2719 171 2762 nec
192 2695 324 2762 herbam
345 2696 443 2761 ullam
465 2707 521 2760 aut
542 2696 713 2780 quicquam
734 2692 822 2760 aliud
844 2717 942 2782 supra
968 2704 1085 2760 terram
1106 2694 1232 2761 habent.

113 2798 249 2881 Reliqua
262 2797 441 2885 volgarium
462 2796 496 2860 in
519 2795 598 2861 cibis
621 2797 707 2882 apud
730 2819 784 2863 eos
797 2796 969 2862 herbarum
983 2797 1113 2860 nomina
1135 2795 1233 2861 chon-

114 2898 227 2983 drylla,
249 2897 473 2984 hypochocris,
496 2897 644 2975 caucalis,
667 2896 872 2975 anthriscum,
889 2895 1032 2974 scandix,
1047 2919 1136 2963 come
1151 2920 1233 2982 quae

147 3072 215 3134 §88.
239 3071 316 3130 sicori,
329 3072 359 3120 R.
379 3112 410 3120 ..
433 3068 575 3133 qaod,RT.
599 3085 668 3134 quam
689 3065 792 3134 Vdssr.
812 3112 842 3121 -
862 3068 1087 3128 dissimulatae.
1107 3109 1137 3118 ..
1155 3069 1233 3132 parti-

114 3135 225 3197 calasius,
238 3139 269 3187 R.
294 3137 464 3200 partietdatim,
476 3133 578 3201 Vdssr.
605 3106 749 3198 enodabat
767 3134 799 3185 δὲ
816 3132 861 3185 καὶ
878 3134 1028 3202 παρανοεῖν
1046 3133 1131 3184 αὐτοῦ
1146 3132 1235 3199 μέρος

114 3198 182 3252 ἄλλο
198 3201 243 3252 καὶ
261 3199 342 3265 ἄλλο,
361 3207 492 3268 Theophr.
509 3207 567 3256 hist.
583 3207 662 3269 plant
675 3204 737 3254 VII.
751 3211 791 3264 ll,
804 3210 827 3254 3.
854 3205 921 3255 Hinc
930 3203 1022 3267 florent
1035 3202 1169 3267 particulae
1185 3204 1234 3252 eius

114 3273 273 3321 scribendum
290 3289 345 3322 esse
361 3275 466 3323 videtur.
487 3313 512 3322 -
539 3288 622 3336 quara,
635 3273 689 3322 Vd.
712 3287 768 3335 qao,
781 3273 811 3322 R.
831 3312 861 3321 ..
884 3270 1059 3334 Autalrhmffl.
1079 3314 1110 3322 -
1134 3270 1234 3335 lonpius,

115 3339 228 3389 RVTd.
247 3341 304 3391 Om.
317 3336 346 3401 β.
371 3336 403 3388 οὐ
419 3335 513 3405 πόρρω
526 3339 574 3388 τοῦ
586 3338 723 3400 ποταμοῦ,
741 3340 870 3403 Theophr.
884 3340 941 3389 hist.
954 3341 1033 3404 plant.
1045 3339 1091 3389 IV.
1105 3346 1129 3401 8,
1145 3346 1183 3390 ta.
1203 3382 1233 3389 -

115 3405 313 3469 aflamirre,Td.
341 3406 466 3469 atlumins,
479 3408 511 3457 R.
537 3407 677 3472 etflams‘na,
690 3408 722 3458 V.
743 3448 773 3456 ..
795 3406 897 3471 ipriR..
924 3406 984 3471 ipae,
1000 3400 1108 3458 ovat.
1128 3448 1158 3457 ..
1181 3424 1234 3456 oon·

112 3481 235 3537 paratam,
248 3476 280 3523 V.
299 3483 467 3538 comparatum,
483 3469 561 3525 Oua.
578 3477 643 3525 Tam
657 3491 690 3525 ex
702 3475 753 3524 hoc
763 3475 876 3524 omniurn
889 3475 1010 3524 librorum
1022 3490 1147 3525 consensu
1159 3490 1234 3538 quam

116 3557 149 3590 ex
165 3543 249 3592 verbis
260 3541 442 3607 Theophrasti,
455 3544 497 3605 qni
511 3543 557 3592 ait:
581 3537 694 3605 ἕψουσιν
708 3539 737 3590 ὃν
749 3536 844 3608 βρύτῳ
856 3538 896 3606 τῷ
906 3538 959 3590 ἀπὸ
972 3542 1024 3592 τῶν
1037 3540 1149 3606 κριθῶν,
1167 3543 1235 3590 hane

115 3609 201 3658 locum
218 3618 364 3673 corruptum
381 3625 435 3660 esse
450 3612 495 3658 rix
510 3610 625 3659 dubitare
640 3611 699 3659 licat
715 3617 740 3660 at
751 3610 886 3672 legandum
898 3610 996 3660 ridetur
1007 3607 1122 3657 mandant
1133 3608 1158 3657 ἑο
1169 3609 1236 3673 hryto

112 3684 241 3740 paratum3
260 3678 321 3741 quid
333 3678 365 3726 sit
375 3673 494 3741 βρότον,
509 3678 583 3727 docet
594 3676 718 3741 Stephani
730 3678 872 3728 thesaurus.
891 3718 922 3727 ..
940 3685 1022 3738 catum,
1034 3678 1066 3727 R.

150 3746 224 3808 §⁸9-
249 3742 1024 3810 Aracttdna,1)alecsxTheophr.histplana1.o‚1a
1053 3741 1187 3804 Aracrida,
1204 3743 1235 3793 Τ.

115 3808 262 3871 Arocbuide,
279 3811 341 3862 RV.
367 3808 500 3872 Anconida,
518 3813 541 3861 d.
567 3809 702 3873 Aracidaa,
716 3806 746 3872 β.
770 3852 802 3861 ..
828 3810 942 3873 muchs,
957 3812 1020 3862 RV.
1042 3852 1074 3861 ..
1101 3809 1195 3869 babent,
1212 3811 1236 3858 d.

116 3877 226 3939 babeant,
235 3879 298 3929 RV.
312 3921 343 3929 -
361 3876 506 3943 chondrylla.
517 3877 623 3929 Gesner.
635 3880 695 3931 hist.
706 3880 783 3929 anim.
798 3885 889 3941 1,489.
901 3895 935 3930 ex
945 3872 1077 3942 Theophr.
1089 3878 1148 3928 hist.
1158 3878 1237 3940 plant.

116 3945 180 3996 VII.
194 3952 218 4006 6,
230 3953 263 4004 4.,
281 3948 324 4010 qui
337 3956 422 3997 tamen
434 3945 495 3995 VIL
510 3949 532 4007 7,
548 3952 568 3996 l.
591 3942 729 4011 ἀνδμοάλα
746 3947 831 4006 habet,
849 3950 881 3998 ad
894 3962 959 4010 quos
970 3948 1043 3996 locos
1055 3961 1078 3993 r.
1091 3945 1237 3996 Schneidar.

117 4029 142 4077 p.
157 4019 214 4063 592.
228 4017 285 4064 619.
312 4012 453 4078 caadryalo,
470 4013 577 4077 BVdr.
604 4011 735 4079 coudryllu,
750 4005 779 4075 β.
799 4055 829 4065 ,.
857 4012 1015 4079 hppocboeria
1032 4012 1136 4061 Barbar.
1164 4009 1237 4074 hypo·

118 4081 189 4142 carris,
202 4082 287 4131 RVd.
310 4079 479 4145 hippoeioerris,
496 4081 575 4131 altera
586 4079 691 4132 Barbari
705 4082 857 4131 coniectura.
878 4122 907 4130 -
930 4077 1042 4137 οαιιοοὶὼ,
1054 4079 1158 4127 Barbar.
1181 4093 1238 4126 caa-

118 4148 189 4207 ωηο,
202 4149 286 4200 RVd.
309 4156 333 4196 st
343 4146 456 4208 caucalis,
468 4143 518 4212 βγ.
538 4189 568 4198 ..
587 4148 739 4208 οοιΙιοίοομοο,
751 4149 797 4197 Rd
810 4147 894 4207 (codd.
907 4144 1035 4203 Barbari).
1057 4145 1191 4204 obtrusum,
1203 4142 1238 4193 V.

117 4215 294 4278 anucbrsbcum,
309 4211 339 4278 β.
361 4215 395 4265 V.
408 4214 556 4265 Schneider.
572 4212 604 4266 dd
620 4217 752 4279 Theophr.
768 4217 827 4264 hist.
839 4216 918 4279 plant.
935 4212 1072 4272 VH.7,1.
1090 4227 1115 4274 p.
1130 4217 1185 4260 594.
1207 4249 1237 4258 -

118 4281 355 4346 marmianus.
367 4279 440 4344 Gal.)
464 4279 587 4343 madrr‘a,
598 4284 632 4334 V.
658 4280 829 4346 madryadt
849 4321 879 4330 ..
906 4295 976 4340 come,
991 4280 1094 4378 qubar.
1108 4277 1239 4327 sxTheo-
