2754 4726
171 291 232 356 158
454 288 457 294 ’
522 303 726 353 assuerus
748 301 943 350 ursromau

154 502 157 513 .
214 460 264 523 18.
286 455 409 520 Hordei
431 455 588 521 farinae
609 454 650 519 ad
671 454 864 521 medendum
885 463 1034 531 utuntur,
1056 452 1236 537 mirumque
1259 455 1292 520 in
1307 471 1339 518 ts

169 559 481 633 nutrimentorum,
514 555 645 642 ignibus
674 556 790 621 durato
818 578 857 620 ac
884 567 997 640 postea
1022 555 1130 620 molito
1153 555 1292 640 offisque

168 660 307 725 humana
326 681 424 721 manu
445 657 592 722 demissis
610 656 644 720 in
665 657 785 735 alvom,
808 657 945 722 maiores
964 678 1035 722 esse
1049 656 1128 721 viris
1142 665 1292 740 torosque

168 761 312 846 corporis
333 758 413 823 lieri.
448 755 564 844 Spicae
586 758 744 842 quaedam
766 758 859 824 binos
881 758 1012 822 ordines
1031 756 1166 835 habent,
1190 780 1291 842 quae·

168 863 241 927 dam
262 861 365 946 pluris
385 881 488 943 usque
509 860 551 923 ad
573 881 677 924 senos.
712 856 823 924 Grano
850 858 913 944 ipsi
934 860 1056 943 aliquot
1077 859 1290 939 differentiae,

167 964 295 1051 longius
315 962 482 1044 leviusque
510 971 567 1024 aut
592 960 725 1027 brevius
753 971 810 1025 aut
829 960 1014 1039 rotundius,
1044 961 1213 1026 candidius
1228 962 1290 1026 ni-

167 1065 322 1152 griusque
344 1062 395 1127 vel
417 1062 470 1127 cui
495 1083 640 1156 purpura
661 1072 727 1138 est;
762 1061 875 1126 ultimo
902 1062 945 1124 ad
971 1062 1149 1147 polentam,
1178 1075 1290 1128 contm

167 1164 367 1249 tempestatis
400 1162 536 1228 candido
564 1185 713 1226 maxuma
741 1161 918 1226 infirmitas.
956 1162 1126 1227 Hordeum
1157 1163 1289 1250 frugum
1304 1177 1336 1224 79

167 1250 309 1333 omniurn
329 1263 550 1328 mollissimum
573 1274 640 1339 est;
667 1263 730 1328 seri
756 1284 821 1327 non
849 1264 915 1327 volt
935 1263 997 1327 nisi
1019 1263 1053 1327 iu
1075 1264 1161 1329 sicca
1183 1274 1215 1330 et
1235 1287 1289 1331 so-

165 1366 232 1430 luta
252 1376 336 1430 terra
357 1385 396 1428 ao
416 1364 478 1428 nisi
506 1364 600 1429 laeta.
636 1363 736 1429 Palea
762 1387 802 1429 ex
830 1364 988 1450 optumis,
1018 1371 1191 1433 stramento
1211 1388 1289 1430 vero

165 1468 289 1533 nullum
303 1474 505 1550 conparatur.
526 1463 696 1530 Hordeum
717 1464 865 1529 exomni
887 1465 1048 1530 frumento
1070 1467 1211 1531 minume
1232 1489 1289 1532 ca·

164 1567 363 1644 lamitosum,
383 1565 461 1650 quia
481 1575 555 1630 ante
577 1565 697 1630 tollitur
717 1587 813 1648 quam
836 1557 977 1629 triticum
997 1578 1137 1653 occupet
1156 1567 1287 1654 robig03

164 1670 272 1753 itaque
300 1667 460 1753 sapientes
489 1666 649 1752 agricolae
683 1666 823 1730 triticum
856 1665 987 1732 cibariis
1014 1678 1139 1732 tantum
1166 1681 1287 1734 serunt.

164 1769 334 1835 Hordeum
356 1767 481 1832 sacculo
504 1767 567 1832 seri
588 1767 701 1831 dicunt
721 1777 893 1853 propterea
906 1768 992 1851 quod
1008 1770 1170 1834 celerrime
1185 1770 1271 1835 redit
1277 1795 1286 1848 3
1302 1785 1334 1830 so

155 1869 396 1934 ‘fertilissimum
428 1868 515 1951 quod
544 1868 577 1931 in
605 1867 785 1953 Hispaniae
815 1865 1013 1957 Carthagine
1038 1870 1145 1956 Aprili
1175 1893 1289 1936 mense

164 1973 333 2040 collectum
355 1980 422 2047 est;
443 1968 504 2035 hoo
527 1969 643 2034 seritur
662 1969 775 2036 eodem
790 1991 899 2034 mense
914 1970 946 2034 in
964 1967 1142 2036 Celtiberia
1154 1973 1286 2038 eodem-

163 2095 228 2159 que
250 2093 332 2136 anno
353 2069 404 2135 bis
424 2068 578 2134 nuscitur.
609 2069 750 2155 Rapitur
768 2092 861 2135 omne
884 2094 903 2134 a
924 2072 1028 2157 prima
1049 2073 1157 2137 statim
1177 2084 1288 2138 matu-

163 2175 257 2238 ritate
277 2170 480 2237 festinantius
498 2192 595 2254 quam
612 2181 735 2248 cetera3
758 2171 868 2259 fragili
883 2173 968 2236 enim
983 2173 1100 2258 stipula
1114 2183 1147 2239 et
1160 2174 1287 2246 tenuis·

163 2273 247 2338 sima
278 2271 371 2358 palea
403 2293 540 2358 granum
567 2271 757 2337 continetur.
798 2272 970 2339 Meliorem
1002 2275 1097 2339 etiam
1123 2275 1288 2360 polentam

161 2373 233 2441 fieri
253 2373 401 2453 tradunt,
423 2372 451 2436 si
472 2395 538 2437 non
560 2383 697 2438 excocta
713 2375 896 2439 maturitate
911 2375 1056 2440 tollatur.

204 2473 301 2538 VIII.
324 2475 375 2537 19.
407 2471 575 2537 Frumenti
603 2495 723 2560 genera
748 2496 811 2539 non
841 2475 954 2539 eadem
979 2475 1098 2560 ubique
1119 2498 1194 2556 neo,
1226 2476 1286 2543 ubi
1299 2491 1330 2538 ει

162 2574 277 2641 eadem
299 2583 391 2651 sunt,
413 2574 529 2639 iisdem
549 2575 742 2641 nominibus.
765 2573 997 2662 Volgatissima
1013 2578 1080 2654 far,
1102 2578 1189 2662 quod
1202 2578 1286 2644 ado·

160 2699 252 2741 reum
280 2686 406 2741 veteres
432 2677 649 2761 appellavere,
685 2677 792 2762 siligo,
827 2677 985 2756 triticum3
1018 2677 1097 2744 haec
1125 2678 1287 2764 plurumis

161 2778 255 2843 terris
281 2777 461 2843 conmunia.
494 2777 618 2842 Arinca
641 2776 820 2843 Galliarum
845 2778 978 2864 propria
1004 2780 1135 2865 eopiosa
1161 2790 1193 2844 et
1214 2780 1284 2846 Ita·

160 2880 223 2944 liae
245 2889 311 2957 est,
338 2879 493 2966 Aegypto
521 2890 628 2944 autem
656 2901 694 2943 ae
716 2876 831 2963 Syriae
854 2877 1050 2964 Ciliciaeque
1072 2892 1104 2946 et
1124 2880 1224 2947 Asiae
1244 2903 1288 2948 ac

163 2977 319 3045 Graeciae
339 2980 607 3064 peculiarem,
630 2979 735 3063 olyra,
758 2979 857 3064 tiphe.
881 2979 1055 3067 Aegyptus
1070 2982 1284 3070 similaginem
1298 2996 1332 3041 aa

161 3081 290 3146 conficit
320 3103 338 3145 e
371 3081 475 3146 tritico
508 3104 566 3146 suo
592 3102 794 3165 nequaquam
821 3081 934 3146 Italiae
961 3104 1082 3167 parem.
1127 3080 1194 3164 Qui
1223 3105 1285 3147 zea

195 3253 210 3314 §
224 3254 264 3301 ts.
283 3250 308 3298 in
320 3249 411 3314 aloam3
424 3255 489 3302 haee
504 3256 582 3304 verba
593 3256 651 3304 voci
663 3234 724 3303 vires
732 3255 897 3319 praemittunt
905 3255 979 3305 Tad.
989 3295 1021 3304 ..
1034 3269 1090 3315 aare,
1101 3256 1172 3305 Tad.
1192 3255 1283 3306 Omitt.

160 3313 210 3394 fif.
221 3357 261 3394 1-
285 3315 373 3380 spicae
384 3318 510 3396 quaedam,
522 3323 653 3384 Theophr.
666 3324 725 3399 hist.
738 3324 817 3385 plant.
830 3322 906 3372 VIIL
920 3330 943 3400 43
956 3329 981 3372 2.
1000 3363 1032 3373 .-
1054 3321 1154 3384 aliquid,
1166 3325 1228 3372 adr.
1249 3363 1283 3372 ..

160 3381 824 3516 Zi'aiffltliai'i'iltiifflaffqsst{iiiii
832 3386 1282 3518 iiiiii-,iiiiiif'ilifm’⁰⁸¹⁰⁰⁴

194 3543 262 3605 §ta
288 3541 585 3607 vult,Td(codd.Gel.)
602 3543 735 3604 colct‚Da.
754 3586 785 3595 ..
810 3547 1011 3611 terraacsolata,
1024 3551 1047 3599 d.
1066 3590 1097 3599 ..
1123 3547 1284 3598 antetolh'tur

160 3628 239 3674 quam,
255 3605 327 3660 Oad.
346 3609 434 3658 tollitur
444 3618 577 3673 antequam,
589 3606 618 3671 β,

194 3698 262 3759 §sm
288 3693 388 3756 sacculo,
409 3687 479 3744 dau.
505 3694 606 3756 sarculo,
623 3690 689 3759 ssYn
705 3696 839 3746 Alluditur
853 3701 905 3749 hoo
922 3701 1053 3764 proverbio
1071 3701 1103 3748 ad
1118 3701 1283 3752 notissimum

161 3761 289 3812 Corinnae
303 3763 398 3811 dictum
409 3777 449 3826 ap.
462 3763 592 3812 Plutarch.
606 3765 637 3812 de
649 3764 731 3826 gloria
742 3765 839 3815 Athen.
853 3772 876 3816 5.
888 3783 913 3831 p.
927 3774 984 3818 348.
997 3768 1031 3818 A.
1050 3808 1082 3817 -
1100 3764 1195 3827 ducunt,
1207 3784 1229 3818 r.
1249 3810 1282 3818 .-

156 3837 285 3893 propterea
296 3828 365 3892 quod,
377 3847 396 3879 r.
417 3837 552 3893 propterea,
566 3826 656 3894 adssr.
676 3871 707 3880 ..
730 3830 816 3895 reddit,
827 3850 847 3883 r.
867 3875 896 3883 ..
908 3834 1084 3898 fertilissimum
1096 3842 1137 3895 est,
1153 3828 1212 3886 θΚ.
1221 3836 1282 3899 fer-

160 3895 314 3959 tilissimae,
327 3913 349 3945 a.
367 3896 594 3961 fertilissimumque,
607 3894 678 3964 ᾶβγ.
705 3901 762 3963 Ego
779 3902 866 3966 scripsi
873 3900 1060 3963 fertilissimam,
1077 3917 1135 3952 cum
1152 3909 1283 3967 essetque

158 3964 224 4013 nihil
241 3964 290 4014 nisi
305 3965 461 4029 corruptelas
475 3975 500 4015 et
510 3967 719 4030 interpolationes
731 3983 784 4019 esse
796 3979 924 4033 appareat.
947 3966 985 4019 -’
1006 3969 1152 4034 Hispaniae,
1164 3972 1180 4020 d
1193 3967 1282 4033 (codd.

159 4029 230 4092 Gal.)
247 4031 377 4095 liupana,
390 4047 413 4082 a.
433 4073 464 4082 -
483 4048 545 4082 anno
558 4033 600 4095 bis,
612 4039 636 4085 d.
654 4051 671 4083 a
682 4035 756 4096 uobis,
769 4029 832 4087 9¹³.
850 4035 925 4097 nodia
941 4030 983 4088 8².

191 4126 259 4187 §SL
286 4139 336 4186 aec,
351 4117 422 4175 θεὰ.
441 4141 520 4189 neque,
532 4122 562 4187 β.
581 4168 612 4178 ..
632 4125 713 4189 udan,
725 4144 748 4178 a
767 4169 798 4176 -
817 4126 948 4192 appellare,
961 4147 983 4180 a.
1003 4171 1034 4179 ..
1054 4130 1117 4191 trris,
1130 4146 1153 4179 a.
1171 4169 1203 4179 -
1228 4129 1282 4179 Ae·

155 4192 393 4322 qutpiizqqqddotiel.
414 4191 445 4244 In
457 4194 572 4260 Aeyyptq
589 4187 660 4245 θιᾰ.
683 4237 715 4244 ..
742 4193 819 4260 Syrio
833 4193 963 4259 Oiliciaqae
974 4191 996 4245 'et
1007 4197 1072 4246 Asia
1083 4213 1113 4246 ac
1127 4196 1243 4286 Graecia,
1256 4200 1282 4249 d.
