2754 4726
363 277 433 324 sm.
451 277 526 326 xrx.
558 278 635 326 cnr.
653 279 701 326 1v.
718 279 750 326 v.
781 279 877 328 sucu.
893 282 975 326 nco.
1166 266 1229 331 253

104 426 282 494 enascentis
289 452 298 505 3
330 429 506 514 fungorum
534 429 621 493 enim
642 429 757 494 callum
778 429 812 494 in
832 429 912 516 ligni
934 431 1149 518 arborumque
1171 456 1230 498 nu-

105 541 176 594 tura
197 529 349 607 diximus,
372 540 403 595 et
425 529 488 595 alio
510 551 629 617 genere
652 530 801 596 tuberum
821 530 918 616 paulo
940 543 1025 597 ante.

146 631 189 697 V.
212 631 264 695 23.
294 627 530 718 Cartileginum
552 631 681 718 generis
704 642 857 715 extraque
880 641 996 697 terram
1017 644 1066 699 est
1088 635 1231 702 cucumis
1244 650 1277 695 ss

104 732 186 796 mira
208 732 371 817 voluptate
394 730 526 797 Tiberio
547 731 686 816 principi
710 731 889 816 expetitus3
915 732 1002 797 nullo
1023 735 1145 821 quippe
1166 759 1232 802 non

104 834 157 898 die
181 832 318 917 contigit
340 831 380 908 ei,
403 831 536 915 pensilis
559 853 668 897 eorum
682 831 793 896 hortos
807 832 1071 916 promoventibus
1082 834 1117 899 in
1132 824 1231 903 solem

104 934 181 1000 rotis
208 931 343 997 olitoriis
371 953 547 1014 rursusque
580 927 722 997 hibernis
758 930 871 996 diebus
901 931 988 996 intra
1019 936 1232 1020 specularium

105 1034 304 1099 munimenta
325 1030 560 1096 revocantibus.
584 1029 674 1112 Quin
695 1042 728 1096 et
749 1030 831 1096 lacte
853 1031 956 1097 mulso
979 1034 1100 1100 semine
1122 1059 1232 1101 eorum

107 1134 207 1200 biduo
229 1141 388 1197 macerato
410 1131 498 1215 apud
519 1130 667 1215 antiquos
683 1128 843 1196 Graeciae
857 1143 1003 1198 auctores
1018 1136 1232 1221 scriptumest

107 1232 171 1299 seri
185 1243 342 1317 oportere,
358 1242 396 1295 ut
410 1231 568 1297 dulciores
582 1231 671 1295 fiant.
696 1228 854 1296 Crescunt
869 1253 933 1314 qua
947 1246 1107 1322 coguntur
1120 1236 1231 1313 forma,
1245 1252 1277 1297 es

106 1336 141 1398 in
168 1332 263 1397 Italia
291 1331 410 1396 virides
438 1341 470 1394 et
494 1352 591 1415 quam
618 1331 769 1409 minumi,
795 1333 829 1396 in
852 1333 1025 1416 provinciis
1045 1356 1143 1417 quam
1163 1359 1232 1401 ma-

107 1433 198 1498 xumi
220 1445 251 1497 et
274 1433 374 1498 cerini
396 1443 452 1497 aut
474 1432 570 1520 nigri.
596 1431 733 1505 Placent
747 1433 959 1518 copiosissimi
972 1432 1117 1512 Africam,
1131 1457 1231 1522 gran-

107 1533 232 1599 dissimi
258 1532 405 1598 Moesiae
412 1558 421 1610 3
456 1554 529 1597 oum
554 1532 776 1621 magnitudine
804 1555 972 1600 excessere
1000 1557 1145 1621 pepones
1174 1558 1231 1601 vo·

109 1645 232 1699 cantur.
277 1633 400 1699 Vivont
426 1633 532 1697 hausti
559 1633 594 1697 in
620 1634 783 1700 stomacho
809 1635 842 1699 in
867 1649 1035 1720 posterum
1062 1635 1147 1700 diem
1172 1658 1232 1702 nec

107 1733 219 1820 perfici
248 1743 370 1817 queunt
401 1734 435 1797 in
464 1732 560 1812 cibis,
595 1755 658 1798 non
687 1735 866 1802 insalubres
899 1746 1005 1800 tamen
1036 1736 1231 1821 plurumum.

108 1833 235 1899 Natura
263 1836 367 1900 oleum
395 1835 493 1899 odere
521 1833 601 1899 mire
623 1856 683 1900 nec
704 1835 809 1900 minus
831 1857 930 1918 aquas
952 1836 1090 1921 diligrmt
1111 1836 1233 1901 desecti

109 1957 248 2020 quoque.
284 1935 339 1999 Ad
361 1957 416 2000 eas
437 1934 560 1998 modice
582 1933 731 1999 distantis
752 1935 920 2019 adrepunt,
942 1989 981 1997 -
1002 1947 1112 1999 contra
1126 1934 1231 2000 oleum
1245 1951 1277 1998 cc

109 2021 290 2121 refugiunt,
312 2089 354 2099 -
376 2057 431 2113 ac,
461 2034 488 2099 si
509 2034 590 2118 quid
611 2034 717 2100 obstet
738 2033 789 2099 vel
810 2033 838 2098 si
858 2034 1036 2119 pendeant,
1058 2045 1233 2100 curvantur

49 2126 53 2130 i
110 2137 415 2220 intorquenturque3
438 2135 473 2199 id
495 2135 546 2200 vel
568 2158 633 2199 una
654 2145 748 2201 nocte
770 2134 1009 2220 deprehendas,
1033 2136 1060 2201 si
1081 2158 1138 2200 vas
1158 2157 1235 2201 cum

110 2258 194 2321 aqua
230 2235 407 2301 subiciatur
434 2246 585 2320 quattuor
615 2235 787 2324 digitorum
812 2236 999 2314 intervallo,
1031 2237 1230 2303 descenden-

110 2337 197 2403 tibus
219 2346 292 2400 ante
313 2347 479 2421 posterum
502 2336 588 2402 diem
612 2349 660 2414 at,
690 2336 716 2400 si
738 2337 844 2403 oleum
866 2337 979 2402 eodem
1000 2337 1096 2403 modo
1119 2337 1174 2415 sit,
1196 2336 1231 2401 in
1265 2360 1272 2369 ·

110 2540 180 2590 alitor
191 2543 607 2607 raucaque-reuocabatAppni.
627 2582 658 2592 ..
684 2538 953 2606 Quner‚e(Appu1.)
983 2541 1127 2603 Quintae.
1157 2540 1229 2603 Quin,

110 2610 157 2673 dy.
175 2649 207 2658 ..
231 2606 291 2658 lacte
303 2617 346 2657 aut
356 2625 423 2672 aqua
433 2609 518 2671 mubu,
530 2611 599 2661 Pint.
625 2607 835 2670 lacteautmulsa‚
848 2610 966 2660 Schneid.
980 2610 1157 2672 adPalled.p.
1171 2615 1229 2659 886.

112 2716 144 2725 -
166 2674 285 2728 Graeciae
296 2683 404 2725 accures
415 2677 546 2740 Theophr.
559 2677 617 2727 hist.
629 2677 708 2740 plant
721 2675 783 2725 vu
795 2681 816 2735 l,
827 2682 850 2725 6.
865 2684 891 2725 et
903 2678 934 2725 de
944 2690 1011 2726 caus.
1021 2677 1102 2738 plant.
1112 2674 1161 2724 111.
1172 2681 1195 2735 9,
1205 2682 1229 2735 4,

146 2740 214 2802 §aa
239 2741 320 2802 aedui,
336 2738 456 2795 OTecd.
482 2742 629 2805 demente
654 2741 742 2804 dolui,
753 2739 783 2804 β,
795 2743 866 2806 quod
877 2745 966 2805 probet
977 2743 1122 2793 Schneider.
1134 2743 1168 2791 ad
1178 2741 1230 2793 Oo-

111 2810 208 2858 lumell.
224 2815 263 2870 10,
276 2814 334 2860 389.
347 2816 404 2861 398.
424 2851 455 2860 -
477 2806 724 2871 Moatae,u(eouu
735 2807 863 2872 Barbari).
889 2816 1060 2870 moaestae,c.
1086 2807 1229 2869 medetur.

112 2875 137 2924 iu
148 2875 219 2936 Aria,
233 2877 340 2955 §duras
353 2891 436 2927 exerc.
448 2893 473 2941 p.
487 2881 543 2928 rto.
556 2893 578 2928 a.
591 2877 620 2928 O.
640 2916 672 2955 ·.·
694 2892 754 2937 curra
768 2893 790 2927 a.
814 2877 924 2954 uticum
937 2877 982 2925 cd.
1005 2915 1037 2924 -
1061 2873 1229 2954 magnitudine,

112 2941 1230 3073 tumnultuttttttttut‘urrtur.tuuttututu

112 3075 233 3138 Naturae,
245 3078 276 3126 T.
290 3117 322 3126 ..
339 3075 411 3125 odore
422 3077 489 3140 miro,
502 3081 539 3128 d¹.
552 3119 584 3127 -
602 3075 695 3141 defecti,
707 3078 801 3129 Sabell.
813 3093 833 3126 r.
850 3076 951 3126 Primus
964 3091 1012 3139 ego
1024 3091 1064 3125 vv.
1076 3074 1163 3124 ducati
1173 3088 1229 3138 qua·

113 3159 159 3206 que
170 3146 202 3192 ad
212 3144 342 3207 superiora
352 3144 437 3205 retuli,
449 3159 507 3194 cum
518 3145 597 3208 vulgo
609 3140 677 3207 (βγ)
689 3158 756 3192 nove
766 3144 827 3192 hinc
837 3144 954 3206 periodus
966 3144 1100 3207 inciperem
1115 3157 1175 3193 uam
1186 3143 1230 3193 vix

112 3211 158 3260 tibi
167 3213 318 3273 persuadeas
327 3211 439 3261 Plinium
451 3213 587 3262 credidisse
598 3224 743 3260 cucumeres
751 3212 867 3261 desectos
878 3224 991 3275 arrepere
1003 3218 1029 3261 et
1040 3211 1137 3261 camari
1145 3224 1229 3274 posse.

146 3279 161 3341 §
175 3283 215 3327 66.
242 3285 324 3326 matra
336 3277 410 3327 oleum
421 3277 549 3342 refupiunt,
561 3279 624 3327 aad.
642 3274 716 3325 oleum
728 3276 855 3342 resupinat,
866 3277 963 3341 Appul.
976 3292 1001 3341 p,
1011 3281 1069 3328 276.
1087 3278 1176 3328 Omitt.
1187 3276 1229 3342 rr'.

112 3344 280 3394 Restituenda
291 3359 350 3394 vero
362 3352 421 3395 sunt
430 3345 477 3393 illa
487 3345 564 3394 verba
574 3345 618 3405 ita,
630 3351 659 3394 ut
669 3345 843 3408 parenthetica
858 3353 996 3395 sumantur.
1022 3345 1067 3396 Uti
1083 3345 1150 3395 euim
1161 3346 1229 3395 Plin.

113 3418 189 3461 antee
204 3413 231 3460 in
246 3413 391 3462 universum
409 3413 507 3462 dixmt
523 3425 669 3462 cucumeres
684 3413 769 3462 oleum
787 3413 878 3473 odisse,
894 3427 974 3476 aquas
985 3413 1097 3475 diligere,
1114 3415 1230 3462 desectos

113 3494 224 3541 quoque,
239 3479 276 3528 ita
291 3479 342 3528 iam
359 3478 472 3541 exponit,
493 3494 544 3541 quo
559 3481 637 3528 modo
654 3479 743 3528 hocin
755 3480 928 3530 cucumeribus
939 3480 1078 3529 etiamnum
1090 3479 1230 3527 viventibus

112 3553 242 3609 appareat,
253 3560 313 3595 vase
325 3545 456 3608 aquaevel
467 3545 517 3595 olei
530 3547 604 3596 iuxta
616 3554 706 3597 stante.
722 3547 925 3597 Perentheticam
934 3561 993 3595 vero
1003 3545 1231 3594 conformationem

112 3613 217 3661 illorum
233 3616 366 3663 verborum
382 3629 398 3662 a
413 3612 487 3672 Iano,
502 3613 546 3676 qui
561 3613 588 3662 in
603 3614 698 3663 nuntiis
713 3613 818 3663 litterar.
833 3613 936 3663 Monac.
951 3617 1023 3663 luat.
1040 3626 1083 3661 no.
1098 3616 1154 3661 165.
1173 3616 1230 3661 too.

113 3695 139 3743 p.
149 3682 207 3729 etr.
217 3685 274 3730 281.
287 3695 375 3729 eorum
383 3680 550 3742 patrocinium
560 3680 677 3744 suscepit,
690 3695 742 3729 non
753 3688 910 3744 perspectam
920 3695 975 3730 esse
985 3681 1039 3729 hoc
1050 3679 1140 3741 arguit,
1154 3680 1230 3740 quod,

113 3747 163 3795 nisi
179 3748 217 3796 ita
234 3755 373 3807 sumuntur,
395 3756 421 3796 et
435 3747 517 3797 otiosa
533 3749 659 3797 adduntur
674 3756 733 3811 post
747 3750 825 3797 rerba
841 3754 930 3795 namra
941 3745 1016 3794 oleum
1027 3743 1098 3793 odere
1113 3753 1139 3796 et
1149 3746 1231 3809 ipsam

113 3815 296 3863 enuntiationis
312 3815 525 3864 constructionem
536 3816 691 3878 perturbant
712 3814 756 3864 Ad
772 3815 857 3864 oleum
874 3812 940 3862 infra
950 3813 1014 3863 redit
1025 3813 1092 3862 Plin.
1104 3814 1185 3863 verbis
1197 3818 1231 3873 at,

113 3879 136 3928 si
147 3879 222 3929 oleum
234 3879 313 3928 eodem
325 3879 392 3929 modo
403 3880 436 3929 sit
446 3882 545 3932 additis.
564 3921 593 3930 -
618 3897 656 3942 ac,
666 3880 762 3945 Appul.
785 3888 834 3942 aut,
847 3876 959 3943 acdssr.
978 3921 1009 3929 ..
1028 3877 1066 3928 vel
1075 3879 1099 3928 ei
1104 3879 1231 3942 pendeant,

115 3950 139 3997 d.
157 3946 195 3996 vel
205 3946 347 4010 sipeudeat,
359 3962 380 3997 c.
402 3947 440 3996 vel
449 3947 473 3996 ei
479 3947 620 4012 peuedeaut,
631 3964 653 3997 e.
677 3945 741 3996 vasi
748 3946 857 4011 pendent,
869 3964 889 3998 r.
912 3946 975 3995 versi
981 3944 1129 4009 pandantur,
1141 3947 1230 3997 natea

114 4029 138 4077 r.
159 4055 190 4064 ..
213 4014 416 4064 curbauturiutor
432 4016 674 4078 uenturque,Appul.
702 4023 883 4078 curvanturque,
899 4007 1030 4076 Uacdrr.
1056 4007 1230 4073 curuantur,ss.

115 4123 146 4130 ..
166 4080 194 4129 td
204 4080 247 4141 vel,
260 4084 340 4131 acdr.
359 4079 402 4141 vel,
416 4031 446 4130 d.
463 4082 487 4130 ei
496 4081 541 4142 vel,
553 4082 650 4146 Appul.
668 4079 737 4144 idque
748 4081 792 4143 vel,
802 4079 832 4143 β.
851 4122 883 4131 ..
902 4081 970 4140 baua,
982 4080 1079 4142 Appul.
1099 4118 1130 4128 ..
1149 4077 1230 4142 depre-

116 4147 214 4210 beudar,
226 4149 324 4212 Appul.
347 4146 538 4210 deprehendetur,
546 4166 566 4199 r.
589 4147 777 4212 deprehenditur,
788 4144 901 4211 acdssr.
921 4188 951 4195 ..
971 4152 1088 4208 quattuor,
1100 4145 1197 4209 Appul.
1215 4160 1232 4191 a

116 4224 225 4278 quatuor,
235 4211 345 4278 ecdssr.
359 4256 388 4264 -
402 4213 603 4264 mcdosubt'ectum
611 4215 748 4278 sianum.
