2754 4726
119 52 159 117 26
466 70 666 118 usruasms
689 70 881 117 nrsroursn

118 210 208 300 salix,
231 221 332 299 alnus,
355 242 462 287 nuces.
498 220 645 287 Festinat
665 233 697 287 et
717 222 882 306 platanum
911 231 1034 286 ceterae
1055 242 1129 286 vere
1151 242 1232 287 ooe·
1246 239 1269 285 at

118 334 228 409 ptum,
258 321 459 407 aquifolium,
482 322 693 400 terebinthus,
715 323 873 409 paliurus,
894 333 1057 399 castanea,
1079 322 1231 409 glandes,

118 423 255 490 serotino
276 433 380 489 autem
402 423 544 510 germine
565 425 676 501 malus,
699 424 880 490 tardissimo
895 424 999 490 suber.
1022 422 1232 505 Quibusdam

117 524 299 613 geminatur
318 526 505 615 germinatio
525 524 624 591 nimia
646 526 704 591 soli
724 526 868 592 ubertate
889 537 944 591 aut
963 524 1127 591 invitantis
1144 523 1231 589 caeli

117 626 296 713 voluptate,
325 627 411 711 qnod
438 626 541 715 magis
568 625 602 691 in
629 625 735 692 herbis
757 639 902 714 segetum
924 627 1045 704 evenit3
1074 626 1107 690 in
1129 625 1229 692 arbo·

117 726 205 793 ribus
227 739 332 794 tamen
352 729 449 794 nimia
469 728 656 815 germinatio
677 729 847 795 elussescit.
871 727 956 794 Sunt
969 729 1048 794 aliae
1060 727 1230 793 naturales
1244 745 1269 792 at

116 827 307 913 quibusdam
328 841 518 914 praeterque
539 850 684 908 vernam,
708 852 790 914 quae
813 830 879 895 suis
900 839 1044 895 constant
1065 826 1246 894 sideribus·

117 948 253 1012 quorum
271 931 353 996 ratio
374 931 482 1016 aptius
498 930 649 996 reddetur
663 932 754 998 tertio
767 932 808 997 ab
822 932 882 997 hoc
896 931 1069 1006 volumine3
1090 928 1231 995 hiberna

117 1028 239 1113 aquilae
260 1039 388 1108 exortu,
415 1031 536 1097 aestiva
558 1032 644 1097 canis
665 1044 752 1112 ortu,
776 1034 868 1098 tertia
888 1031 1016 1098 arcturi.
1052 1029 1121 1094 Has
1143 1029 1230 1096 duas

115 1130 245 1215 quidam
266 1130 412 1198 omnibus
439 1133 604 1199 arboribus
634 1135 799 1199 conmunis
825 1144 954 1219 putant,
982 1131 1092 1197 sentiri
1117 1142 1230 1197 autem

116 1254 264 1299 maxumo
285 1233 319 1299 in
339 1232 417 1315 fico,
447 1235 529 1314 vite,
550 1236 692 1321 punicis,
714 1258 842 1301 causam
862 1235 1054 1312 adferentes,
1074 1232 1230 1317 quoniam

116 1334 150 1401 in
165 1332 331 1402 Thessalia
344 1334 596 1421 Macedoniaque
611 1339 757 1423 pluruma
771 1348 840 1402 tum
852 1337 933 1402 ficus
948 1346 1054 1414 exeat;
1075 1356 1229 1400 maxume
1265 1416 1269 1431 .

117 1446 222 1504 tamen
248 1437 282 1502 in
303 1437 454 1525 Aegypto
483 1438 616 1525 adparet
643 1436 723 1503 haec
743 1437 834 1503 ratio.
865 1437 914 1520 ,Et
934 1437 1073 1521 reliquae
1096 1435 1230 1520 quidem
1244 1455 1269 1502 ι(

116 1535 256 1616 arbores,
272 1549 309 1604 ut
321 1538 460 1625 primum
474 1561 617 1625 coepere,
633 1538 817 1604 continuant
830 1538 1105 1626 germinationem
1126 1537 1230 1604 robur

118 1649 151 1706 et
177 1639 266 1706 abies
292 1650 326 1706 et
352 1641 433 1706 larix
459 1640 685 1719 intermittunt,
718 1640 874 1727 tripertita
901 1664 940 1706 ac
965 1652 1056 1706 terna
1080 1639 1230 1726 germina

117 1740 233 1820 odunt3
255 1741 328 1809 idco
350 1755 382 1809 et
396 1755 444 1810 tor
459 1764 607 1829 squamas
621 1743 775 1808 corticum
791 1753 956 1829 spargunt,
976 1741 1063 1827 quod
1075 1738 1229 1807 omnibns

116 1842 285 1911 arboribus
317 1844 350 1909 in
383 1845 610 1933 germinatione
644 1845 767 1922 evenit,
803 1844 951 1928 quoniam
982 1841 1230 1927 praegnantium

116 1946 275 2031 rumpitur
303 1956 420 2011 cortex.
457 1945 518 2010 Est
548 1956 655 2010 autem
686 1946 789 2030 prima
817 1967 925 2011 earum
950 1943 1123 2029 incipiente
1150 1962 1231 2009 vere

82 2077 87 2093 ⁸
117 2045 242 2113 circiter
260 2068 307 2110 xv
322 2043 450 2122 diebus;
471 2046 586 2111 iterum
601 2045 780 2132 germinant
795 2056 977 2112 transeunte
990 2044 1134 2133 geminos
1149 2045 1231 2111 sole'.

118 2144 173 2213 Sic
198 2146 236 2210 fit
262 2160 299 2212 ut
325 2147 428 2233 prima
454 2147 619 2213 cacumina
644 2147 753 2233 inpelli
775 2148 890 2214 secutis
912 2147 1066 2232 adpareat
1092 2145 1230 2233 genicu-
1246 2167 1269 2213 tt

117 2250 183 2314 lato
209 2249 412 2335 incremento.
448 2248 557 2313 Tertia
583 2259 632 2314 est
659 2250 830 2314 earundem
850 2249 892 2316 ad
914 2248 1081 2314 solstitium
1102 2247 1231 2314 brevis-

119 2350 199 2415 sima
218 2373 277 2416 nec
299 2350 419 2415 diutius
447 2350 587 2437 septenis
609 2349 738 2429 diebus,
767 2351 913 2434 clareque
935 2363 968 2414 et
989 2361 1064 2414 tunc
1085 2346 1231 2414 cernitur

118 2451 372 2518 excrescentium
392 2452 593 2518 cacuminum
612 2452 799 2518 articulatio.
821 2451 907 2519 Vitis
929 2452 994 2517 sola
1011 2450 1061 2516 bis
1078 2449 1231 2534 parturit,

118 2554 350 2640 cumprimum
371 2554 487 2620 emittit
500 2576 606 2632 uvam,
627 2553 744 2619 iterum
765 2576 837 2619 cum
852 2553 978 2640 digerit.
1006 2551 1130 2615 Eorum
1143 2570 1231 2634 quae

117 2679 182 2721 non
202 2656 317 2723 florent
338 2667 448 2741 partus
471 2666 593 2721 tantum
614 2666 664 2720 est
684 2666 717 2720 et
737 2655 911 2720 maturitas.
935 2653 1101 2736 Quaedam
1119 2651 1231 2717 statim
1248 2672 1269 2717 u

117 2757 150 2821 in
171 2759 402 2846 germinatione
428 2757 542 2825 florent
569 2767 804 2844 properantque
825 2756 858 2820 in
881 2778 936 2835 eo,
968 2756 1025 2821 sed
1046 2754 1136 2820 tarde
1158 2776 1230 2819 ma·

152 2963 166 3024 ξ
179 2971 220 3016 98.
230 2965 335 3027 festinat
351 2974 374 3013 ct
385 2965 507 3030 platanus,
522 2983 546 3016 r.
559 2967 689 3032 Theophr.
701 2968 719 3018 l.
730 2968 748 3016 l.
760 2965 809 3015 III.
822 2972 846 3027 4,
858 2971 881 3014 2.
905 3005 937 3013 ..
959 2971 1043 3025 cetero,
1060 2964 1103 3011 ad.
1121 3002 1153 3010 -
1178 2978 1231 3010 cos-

115 3039 195 3097 pturo,
211 3048 227 3081 a
242 3029 329 3094 (codd.
342 3030 412 3093 Gel.)
433 3042 579 3098 conceptura,
591 3037 616 3084 d.
642 3043 756 3098 concepto,
771 3034 804 3084 K.
823 3074 855 3082 -
872 3031 978 3093 serotine,
994 3046 1017 3081 a.
1035 3072 1066 3082 ..
1083 3029 1196 3097 germiae.
1207 3046 1231 3080 a.

120 3140 151 3149 ..
167 3098 307 3163 geminatur,
320 3115 343 3149 a.
359 3099 513 3163 germinatur,
530 3102 546 3148 d
551 3096 573 3161 β
576 3115 602 3165 γ.
620 3142 652 3150 -
669 3102 773 3162 minima,
789 3095 860 3151 θεὰ.
879 3141 910 3150 ..
928 3097 970 3160 sol,
986 3115 1009 3149 a.
1028 3139 1059 3148 ..
1077 3098 1160 3162 magia
1177 3113 1231 3148 om.

120 3169 161 3217 d¹.
179 3208 211 3216 -
233 3165 354 3228 abcessit,
371 3168 416 3216 ad.
440 3165 556 3226 ἰαεεεεοίι,
573 3169 606 3217 Κ.
628 3168 792 3219 scribendum
807 3170 906 3219 videtur
920 3166 1072 3232 chanquescit,
1092 3181 1151 3215 cum
1165 3167 1232 3216 illud

120 3230 193 3291 ἅπαξ
204 3230 347 3301 εἰρημένον
361 3235 387 3284 in
399 3235 507 3284 lectione
517 3235 621 3296 vulgata
632 3237 665 3284 sit
676 3237 823 3286 destitutum
834 3237 904 3285 omni
916 3236 1041 3298 analogia

153 3321 228 3435 53310
246 3317 351 3437 quidam,
367 3336 390 3368 a.
410 3357 440 3367 -
463 3325 585 3423 raptorque,
602 3319 647 3369 ad.
666 3357 698 3368 -
721 3334 825 3381 umnam,
840 3333 863 3368 a.
890 3314 1065 3382 vcraaqdfly.
1084 3358 1115 3366 -
1131 3319 1194 3382 ficu,
1206 3321 1231 3370 d.

154 3423 238 3535 §lod
260 3469 296 3520 Et
306 3469 418 3534 reliquae,
434 3470 600 3534 v.¹1'heophr.
618 3471 636 3520 l.
649 3471 666 3520 l.
683 3470 768 3530 1115,
783 3476 805 3520 l.
824 3511 855 3518 -
880 3471 1005 3534 trapezita,
1017 3487 1040 3520 a.
1068 3468 1198 3532 impartita,
1211 3488 1231 3522 r.

101 3598 107 3608 .
121 3536 247 3602 tripartito,
260 3540 276 3587 d
281 3533 304 3598 β
308 3553 333 3602 7.
352 3577 384 3588 ..
403 3546 444 3599 ter,
456 3540 480 3588 d.
498 3536 567 3599 inter,
579 3532 629 3599 ast.
648 3579 678 3587 ..
696 3536 744 3586 Est
755 3545 830 3586 aulem
843 3545 865 3585 et
873 3538 961 3602 prima,
973 3541 1003 3590 Τ.
1022 3579 1052 3588 ..
1070 3545 1180 3601 concepto
1190 3538 1232 3589 vel

120 3609 208 3672 affecto
220 3622 280 3667 vere,
292 3606 423 3657 Constant.
436 3607 469 3655 ad
481 3607 610 3669 Theophr.
623 3606 681 3656 hist.
694 3607 773 3670 plant.
785 3620 809 3668 p.
824 3611 880 3655 132.

155 3689 169 3751 §
183 3695 238 3741 101.
261 3689 350 3754 primu
370 3682 479 3740 &Tadr
494 3686 578 3751 (codd.
591 3687 660 3750 Gal.)
683 3688 771 3753 quinta,
786 3684 815 3750 β.
834 3729 866 3738 ..
887 3691 978 3751 seruate,
990 3691 1034 3740 vix
1046 3704 1148 3753 sanum3
1166 3691 1232 3741 mihi

121 3758 186 3808 Plin.
203 3757 316 3807 amaturis
331 3758 457 3821 scripsisse
468 3759 573 3818 videtur,
590 3773 647 3807 cum
660 3758 801 3807 coniunctio
813 3759 947 3821 praesentis
960 3758 1073 3808 infinitivi
1085 3773 1143 3808 cum
1154 3759 1246 3822 parti·

122 3826 189 3890 cipio
201 3825 305 3889 perfecti
315 3825 342 3874 h.
355 3826 372 3875 l.
384 3826 428 3875 vix
438 3825 498 3875 ferri
511 3834 592 3888 queat.
607 3867 637 3874 -
655 3841 672 3873 a
683 3823 790 3887 sobtitr'o,
802 3825 834 3875 Τ.
852 3865 883 3873 ..
900 3823 952 3873 sola
964 3827 1006 3887 bie,
1019 3827 1043 3876 d.
1061 3823 1097 3874 sol
1108 3824 1140 3874 ob
1151 3825 1196 3889 bis,
1208 3843 1232 3878 a

87 3942 91 3949 ,
124 3935 155 3944 ..
171 3892 344 3957 primumcum,
357 3894 444 3944 Dalec.
997 3915 999 3919 <
1097 3894 1100 3899 '

158 3976 173 4039 5
187 3983 243 4029 loa.
265 3977 290 4027 ia
305 3993 332 4027 co
343 3975 421 4026 scd-
429 3985 600 4041 maturantque,
617 3994 667 4028 om.
679 3992 697 4043 γ
708 3978 769 4028 vitio
782 3993 920 4044 operamm.
939 4020 970 4029 ..
989 3977 1059 4030 nardo
1069 3985 1234 4042 maturescant,

122 4049 173 4099 adt
193 4052 352 4096 maturescunt
368 4042 443 4107 tardo,
458 4040 508 4110 βγ.
528 4087 558 4096 ..
582 4053 614 4108 ut,
627 4061 677 4096 om.
690 4063 713 4097 a.
731 4088 763 4096 -
786 4044 904 4110 Sarouon,
920 4049 964 4097 ad.
984 4087 1015 4096 -
1037 4056 1072 4112 ut,
1083 4062 1132 4098 om.
1145 4048 1182 4096 d'.
1202 4088 1233 4097 ..
