2754 4726
159 334 162 347 ,
266 294 338 340 ma.
353 294 456 341 xvm.
487 294 565 342 oar.
581 297 710 345 xxxru.
726 298 853 346 xxxrv.
882 300 980 348 sacr.
995 304 1027 347 a.
1042 304 1073 347 u.
1173 287 1236 352 223

112 443 243 509 dictum.
278 443 317 508 In
341 445 426 511 hunc
447 447 557 532 ponito
580 446 711 512 arbores
733 448 883 533 vitisque,
912 451 969 517 sed
995 451 1055 517 hoc
1076 450 1174 518 flante
1195 477 1236 520 ne
1249 473 1299 518 333

111 555 214 623 arato,
239 546 368 631 frugem
389 570 429 611 ne
452 547 561 625 serito,
585 569 693 612 semen
715 571 756 613 ne
777 549 887 629 iacit03
921 552 1129 638 praestringit
1151 556 1236 621 enim

110 657 208 730 atque
230 647 377 732 percellit
398 647 451 712 hic
477 647 600 713 radices
629 648 781 714 arborum
812 673 892 734 quas
914 653 1077 737 positurus
1098 655 1235 722 adferes.

109 746 307 812 Praedootus
329 758 413 813 esto:
436 748 500 813 alia
520 747 663 814 robustis
683 762 836 835 prosunt,
859 751 921 816 aha
943 752 1131 819 infantibus.
1164 753 1235 821 Neo

111 870 181 912 sum
203 847 321 913 oblitus
342 849 376 913 in
398 848 458 914 hac
479 860 570 934 parte
589 862 720 915 ventum
735 848 872 916 Graecis
887 853 970 938 'poni
996 875 1092 936 quem
1107 856 1236 921 caecian

111 959 235 1014 vocant.
271 947 339 1015 Sed
360 948 446 1014 idem
467 950 669 1029 Aristoteles,
702 951 751 1016 vir
770 942 934 1018 inmensae
958 954 1159 1032 subtilitatis,
1181 955 1299 1039 quises

102 1045 145 1113 ‘id
166 1050 275 1135 ipsum
294 1049 379 1128 fecit,
402 1050 557 1114 rationem
577 1051 792 1117 convexitatis
808 1053 920 1117 mundi
935 1053 1051 1132 reddit,
1074 1077 1138 1138 qua
1160 1078 1237 1120 con-

110 1150 227 1215 trarius
241 1150 349 1233 aquilo
361 1150 477 1216 Africo
491 1147 556 1215 flat.
578 1150 650 1216 Nec
664 1161 770 1217 tamen
792 1175 866 1218 eum
888 1164 953 1219 toto
975 1176 1060 1219 anno
1081 1154 1116 1218 in
1136 1177 1234 1240 prae-

49 1252 52 1257 ’
111 1250 205 1315 dictis
227 1250 318 1315 timet
339 1249 496 1335 agricola3
519 1251 660 1316 mollitur
682 1252 788 1318 sidere
810 1264 933 1318 aestate
951 1253 1057 1318 media
1072 1264 1237 1338 mutatque

111 1373 228 1417 nomen
242 1361 275 1415 et
289 1351 404 1417 etesias
418 1361 562 1417 vocatur.
584 1351 675 1440 Ergo
689 1375 762 1418 oum
777 1354 933 1439 frigidum
948 1354 1078 1433 senties,
1102 1367 1234 1434 cavet03

111 1473 148 1516 ao
171 1473 372 1536 quacumque
393 1452 500 1536 aquilo
521 1452 733 1538 praedicitur,
765 1464 852 1520 tanto
873 1455 1083 1540 perniciosior
1104 1468 1234 1542 septen·

113 1552 174 1618 trio
197 1562 256 1617 est
283 1551 322 1616 In
338 1552 423 1617 huno
436 1552 548 1630 Asiae,
564 1551 742 1632 Graeciae,
764 1554 954 1640 Hispaniae,
976 1556 1153 1621 maritimae
1168 1556 1235 1621 lta-
1250 1575 1299 1619 aas

112 1653 187 1731 liae,
223 1650 438 1738 Campaniae,
466 1653 605 1739 Apuliae
632 1654 765 1720 arbusta
787 1656 964 1740 vineaeque
987 1666 1148 1743 spectent3
1181 1657 1238 1740 qui

112 1754 210 1818 maris
232 1753 359 1838 concipi
381 1756 468 1819 voles
494 1755 529 1818 in
550 1754 636 1820 hunc
656 1757 795 1841 pascito,
829 1768 865 1837 ut
887 1759 934 1822 sic
955 1757 1118 1822 ineuntem
1140 1757 1237 1822 ineat

112 1855 165 1920 Ex
187 1855 324 1921 adverso
345 1856 504 1939 aquilonis
525 1855 565 1921 ab
588 1878 704 1922 occasu
726 1855 862 1923 brumali
877 1858 1009 1924 Africus
1029 1858 1120 1924 flabit
1141 1880 1238 1940 quem

115 1953 233 2022 Graeci
253 1956 320 2022 liba
341 1967 475 2033 vocant;
508 1957 541 2019 in
568 1956 654 2022 hunc
676 1979 696 2020 a
717 1958 803 2022 coitu
830 1980 902 2022 cum
925 1979 959 2021 se
979 1980 1080 2042 pecus
1101 1959 1237 2022 circum-

112 2058 228 2144 egerit,
259 2056 395 2122 feminas
422 2068 593 2143 conceptas
616 2058 801 2127 esse-scito.
844 2057 954 2123 Tertia
981 2059 1238 2144 aseptentrione
1251 2076 1300 2122 aar

112 2157 204 2236 linia,
230 2180 326 2242 quam
349 2181 408 2243 per
428 2157 630 2223 latitudinem
650 2159 783 2225 umbrae
804 2158 955 2224 duximus
976 2171 1008 2224 et
1029 2159 1239 2251 decumanam

112 2259 314 2338 vocavimus,
339 2269 486 2324 exortum
506 2257 637 2324 habebit
656 2260 921 2344 aequinoctialem
941 2272 1137 2346 ventumque
1159 2261 1237 2328 sub-

115 2359 262 2424 solanum
284 2356 420 2426 Graecis
441 2359 601 2444 apelioten
622 2359 753 2426 dictum.
786 2359 827 2425 In
848 2360 934 2426 hunc
956 2356 1137 2427 salubribus
1158 2363 1238 2428 locis

113 2459 208 2524 villae
235 2460 413 2545 vineaeque
439 2470 597 2545 spectent.
630 2459 707 2546 Ipse
735 2461 851 2527 leniter
878 2461 1024 2547 pluvius3
1054 2473 1160 2527 tamen
1188 2473 1237 2528 est

114 2560 230 2625 siccior
259 2561 423 2640 favonius,
453 2584 495 2627 sx
523 2561 660 2626 adverso
688 2561 759 2626 eius
784 2559 835 2627 ab.
854 2561 1078 2644 aequinoctiali
1108 2585 1235 2642 occasu,

115 2661 277 2746 zephyrus
300 2659 436 2728 Graecis
457 2661 649 2733 nominatus.
676 2660 717 2725 In
738 2661 824 2726 hunc
846 2671 990 2746 spectare
1012 2661 1129 2726 oliveta
1153 2659 1236 2726 Cato

114 2763 208 2828 iussit
214 2787 224 2839 3
246 2762 299 2828 hic
320 2786 378 2829 ver
398 2763 527 2829 inchoat
547 2762 715 2848 aperitque
738 2772 840 2827 terras
862 2762 951 2825 tenui
964 2762 1082 2846 frigore
1097 2760 1235 2838 saluber,

66 2896 69 2900 Δ
115 2864 168 2929 hic
190 2865 265 2929 vitis
286 2865 423 2949 putandi
443 2865 618 2951 fiugesque
640 2862 789 2940 curandi,
817 2861 947 2927 arbores
970 2862 1111 2940 serendi,
1141 2885 1237 2948 poma
1285 2911 1288 2917 .

114 2965 291 3043 inserendi,
314 2964 401 3030 oleas
415 2964 574 3031 tractandi
589 2962 640 3028 ius
655 2963 746 3029 dabit
758 2960 941 3046 adflatuque
955 2961 1126 3039 nutricium
1143 2983 1235 3028 exer-

116 3173 189 3220 codd.
201 3172 315 3222 Barbari.
340 3170 509 3233 iodeoasraa.
533 3169 704 3230 indecusiao.
778 3185 802 3225 3,
816 3183 866 3218 om.
879 3185 902 3218 a.
922 3209 952 3218 -
972 3167 1234 3232 dextramocloeoom‚

115 3256 140 3288 a.
157 3237 245 3286 dextra
255 3255 285 3287 ar
297 3237 373 3299 13333,
386 3241 410 3290 d.
419 3246 422 3253 '
431 3238 541 3289 dextram
553 3237 698 3300 laevamque,
709 3209 759 3313 rip-‘3
779 3276 810 3285 ..
824 3232 961 3298 3333333133,
973 3253 996 3287 3.

149 3309 235 3370 §332
256 3305 387 3370 omnipo,
399 3310 423 3357 d.
442 3347 474 3357 ..
492 3321 591 3369 quoquo,
604 3321 627 3355 a.
645 3343 677 3355 ..
695 3310 845 3363 33333333,
856 3303 889 3353 D.

150 3375 235 3437 5833.
261 3371 323 3422 idem
339 3381 380 3435 est,
397 3375 442 3424 ad.
468 3381 503 3422 eat
518 3370 587 3433 idern,
602 3367 653 3436 βγ.
671 3411 702 3420 -
731 3368 961 3435 liaeacctamdd.
988 3369 1052 3420 lineo
1068 3380 1182 3436 capara.
1201 3412 1233 3423 .-

113 3440 300 3504 srptentnbmm
312 3443 358 3491 ad.
377 3481 408 3490 ..
428 3441 522 3500 bacca,
533 3442 578 3490 ad.
597 3440 699 3499 boream
710 3433 760 3502 βγ.

149 3510 234 3571 §aaa
253 3506 343 3571 psallit,
355 3525 377 3558 a
396 3504 532 3571 praegelat,
544 3507 597 3557 Td.
616 3546 647 3556 ..
665 3503 793 3566 radicabat,
805 3506 877 3556 rao.
896 3545 927 3555 ..
945 3497 1131 3568 Iboedirtosfa.
1154 3505 1233 3554 Proe-

115 3573 200 3635 dictar,
212 3576 264 3639 Td.
281 3573 455 3635 hermonim,
467 3576 500 3625 K.
518 3615 549 3624 ..
568 3573 669 3634 calciun,
682 3574 706 3622 d.
725 3571 824 3634 cottion,
836 3588 859 3623 a.

149 3645 234 3706 ξ335.
256 3641 391 3705 quiipsum,
404 3644 427 3691 d.
449 3640 515 3704 qaod
524 3641 608 3704 ipsura,
619 3655 643 3691 3.
661 3681 693 3690 ..
711 3638 798 3702 reddit,
809 3655 832 3689 a
854 3637 966 3700 reddidit,
978 3641 1032 3691 Τὰ.
1052 3680 1083 3688 -
1101 3640 1234 3689 33333νί33

115 3709 162 3770 bio,
179 3725 225 3757 noa
240 3707 321 3772 aquilo
332 3709 365 3759 A.
370 3708 412 3772 fl,
427 3710 494 3759 Pint.
513 3750 544 3758 ..
569 3708 719 3766 abacta’l'd.
737 3749 769 3758 ..
793 3705 896 3757 mollitur
906 3706 991 3768 adore,
1008 3708 1062 3756 Td.
1087 3705 1191 3756 mollitur
1201 3707 1234 3756 si·

115 3775 197 3834 derata
208 3793 231 3826 3.
249 3775 324 3825 mollit
334 3775 423 3838 sidau,
434 3771 464 3836 β.
482 3818 514 3826 ..
532 3775 617 3825 ctesias
629 3777 722 3826 omisso
735 3783 765 3836 et,
777 3778 821 3825 ad.
840 3816 871 3823 ..
890 3790 926 3836 ac,
939 3777 963 3824 d.
981 3782 1015 3831 at,
1026 3775 1081 3824 Ka.
1099 3773 1182 3833 ad,'1'.
1201 3815 1232 3824 .-

115 3859 268 3907 quocamque,
286 3847 309 3894 d.
336 3859 484 3907 quecumque,
500 3845 532 3895 Τ.
559 3843 704 3908 commone,
722 3857 745 3892 3.
763 3882 794 3892 ..
819 3841 978 3905 pernitiosior,
995 3858 1018 3892 a.
1036 3883 1066 3892 ..
1095 3849 1130 3890 ost
1143 3849 1234 3905 septen·

115 3910 170 3969 trio,
182 3912 235 3962 Τά.
498 3926 505 3935 ·

150 3981 236 4042 §336.
257 3976 382 4042 Apuleiae,
394 3981 439 4029 ad.
457 4021 488 4029 -
507 3977 578 4028 uteie
589 3986 676 4047 matres
687 3977 802 4038 moratur,
815 3978 847 4028 K.
867 4018 897 4026 ..
913 3975 999 4039 flovit,
1010 3994 1033 4027 a.
1053 4017 1083 4026 ..
1102 3992 1119 4024 3
1130 3975 1199 4038 coitu,
1210 3991 1234 4027 3.

115 4045 151 4094 ad
161 4045 254 4106 codam,
266 4046 290 4095 d.

151 4117 237 4177 5387.
255 4111 414 4173 distractast
432 4154 464 4163 ..
482 4130 500 4161 3
514 4112 622 4172 Graecis,
633 4113 686 4163 Τὰ.
705 4151 736 4161 ..
754 4109 894 4174 aphelioten,
906 4113 937 4162 T.
958 4109 1092 4174 aphelioten,
1103 4125 1126 4160 a.
1145 4151 1176 4160 -
1186 4111 1234 4174 so-

115 4180 198 4241 vonr'o,
215 4198 234 4230 r.
257 4221 289 4230 ..
316 4196 333 4228 3
352 4179 462 4240 Graecis,
480 4180 533 4230 Td.
556 4220 587 4228 -
617 4177 676 4228 Cato
693 4181 724 4229 de
741 4194 767 4230 re
784 4186 845 4229 rust.
864 4185 887 4241 6,
904 4185 928 4228 2.
947 4178 1005 4228 coll.
1022 4177 1088 4228 Plin.
1105 4188 1157 4229 nat.
1176 4178 1234 4227 hist

118 4254 158 4309 rs,
171 4252 211 4298 ar.
