2754 4726
155 302 196 366 66
246 315 451 364 urrunnun
473 314 616 362 moron
646 315 716 362 niu.
731 315 807 361 xvr.
836 314 915 360 cnr.
928 313 1028 360 mv.
1058 310 1157 359 sncr.
1170 313 1204 358 c.

129 468 264 546 ,fronde
292 467 480 544 conficiunt,
515 478 552 531 ut
581 465 657 530 inde
684 465 836 551 appellati
863 486 991 550 quoque
1011 463 1277 549 interpretatione

154 567 280 635 Graeca
293 569 418 655 possint
433 567 578 633 Druidae
593 566 710 642 videri3
733 566 895 632 enimvero
915 564 1073 649 quidquid
1093 564 1276 650 adgnnacw

154 682 207 734 tur
234 670 307 747 illie,
336 693 355 735 e
384 670 472 734 caelo
493 669 626 733 missum
646 678 762 753 putant
784 667 975 750 signumque
997 687 1068 730 ease
1090 666 1210 731 electae
1231 665 1276 731 ab

152 771 225 856 ipso
246 770 306 836 deo
327 769 460 835 arboria.
499 769 562 834 Eat
582 780 691 832 autem
712 767 745 831 id
766 789 874 831 rarum
895 767 1066 832 admodum
1087 767 1221 832 inventu
1242 778 1338 833 etaoo

151 882 315 957 repertum
335 893 454 956 magna
474 870 629 955 religione
651 869 773 954 petitur
800 878 832 932 et
852 879 926 932 ante
946 867 1053 933 omnia
1075 878 1167 932 sexta
1186 869 1275 947 luna,

153 993 236 1056 quae
257 972 416 1058 principia
435 993 582 1035 mensum
603 991 823 1052 annorumque
844 968 894 1032 his
907 967 993 1046 facit,
1017 979 1050 1033 et
1064 970 1183 1034 saeculi
1198 980 1277 1055 post

153 1073 350 1137 uicesimum
371 1095 505 1149 annum,
536 1070 613 1153 quia
638 1070 703 1133 iam
724 1069 840 1134 virium
861 1068 990 1132 abunde
1011 1068 1131 1134 habeat
1150 1092 1210 1134 uec
1232 1070 1277 1135 ait

154 1173 204 1238 aui
224 1172 373 1249 dimidia,
400 1172 507 1237 omnia
528 1181 694 1235 sanantem
715 1171 912 1255 appellantes
934 1192 992 1235 auo
1013 1171 1177 1236 vocabulo.
1211 1167 1276 1236 Sa·

55 1286 65 1296 '
153 1273 272 1339 orificio
293 1273 463 1358 epulisque
484 1272 546 1336 rite
573 1272 633 1336 sub
654 1271 768 1337 arbore
789 1271 973 1356 conparatis
998 1271 1079 1336 duos
1105 1272 1277 1337 admovent

153 1373 280 1438 candidi
301 1374 414 1438 coloris
443 1385 551 1438 tauros
580 1395 716 1457 quorum
738 1395 858 1437 cornua
880 1384 948 1435 tum
969 1372 1107 1456 primum
1130 1372 1275 1437 vincian·
1317 1374 1322 1385 ‘

66 1485 69 1489 ’
152 1485 215 1539 tur.
247 1472 405 1540 Sacerdos
433 1473 570 1538 candida
596 1484 685 1539 veste
713 1474 819 1538 cultus
841 1472 988 1538 arborem
1015 1473 1155 1550 scandit,
1189 1473 1275 1538 falce
1289 1484 1335 1531 2⁵1

152 1598 250 1640 aurea
271 1575 404 1641 demetit
410 1600 420 1654 3
444 1574 581 1640 candido
601 1574 636 1638 id
659 1574 818 1659 excipitur
840 1596 928 1660 sago.
950 1573 1034 1638 Tum
1048 1573 1164 1638 deinde
1178 1573 1275 1638 victi·

151 1699 222 1741 maa
242 1678 395 1741 inmolant
416 1686 597 1761 precantes,
619 1697 712 1738 auum
733 1674 854 1739 donum
875 1675 956 1741 deus
972 1698 1164 1762 prosperum
1176 1674 1277 1739 faciat

152 1775 204 1840 hia
229 1776 347 1860 quibua
373 1775 507 1839 dederit.
545 1774 792 1839 Fecunditatem
817 1798 856 1840 eo
883 1788 959 1861 poto
986 1777 1056 1841 dari
1082 1777 1276 1859 cuicumque

153 1876 335 1941 animalium
357 1876 458 1941 sterili
479 1876 689 1953 arbitrantur,
717 1887 828 1942 contra
855 1899 981 1942 venena
1001 1899 1073 1943 esee
1094 1877 1200 1942 omnia
1218 1899 1276 1944 re·

153 1977 270 2044 medio.
291 1977 396 2042 Tanta
416 1978 562 2066 gentium
582 1978 616 2042 in
635 1978 734 2043 rebus
748 1978 872 2042 frivolis
886 1979 1074 2064 plerumque
1087 1978 1200 2066 religio
1213 1989 1275 2044 eat.

187 2182 325 2246 appellatio,
337 2200 360 2233 a.
379 2224 411 2234 ..
428 2182 599 2248 edomatur,
611 2200 634 2234 a.
652 2181 808 2245 adnotentur,
820 2179 892 2249 ᾱβγ.

188 2253 274 2314 5250.
302 2248 432 2309 edmerum,
444 2254 487 2300 ad.
507 2293 538 2300 -
557 2251 656 2311 invento,
668 2267 691 2300 a
708 2291 733 2299 ..
754 2268 863 2310 mcum,
876 2269 899 2301 a.
916 2250 1035 2308 mensium,
1048 2248 1118 2316 ᾱβγ.
1135 2293 1167 2302 ..
1184 2251 1275 2316 secula,

155 2334 179 2368 a.
196 2358 228 2366 -
247 2316 397 2366 ebomeincn
408 2316 661 2375 sitdimidia‚Dalcc.
675 2358 707 2366 -
728 2317 858 2382 appellant,
869 2336 890 2368 r.
908 2359 940 2367 -
963 2317 1096 2380 Sacrufico
1109 2319 1160 2369 Ta.
1187 2317 1275 2372 :5⁰05-

148 2383 225 2447 fiolis,
236 2380 307 2449 ᾶβγ.
326 2425 358 2434 ..
376 2384 528 2448 comparato,
543 2379 641 2436 Oreo.
656 2386 819 2449 praeparato,
830 2381 860 2447 β.
877 2427 909 2436 ..
929 2393 984 2445 tam,
996 2390 1040 2437 ad.
1059 2394 1120 2444 tanc,
1130 2383 1182 2451 βγ.

189 2451 275 2512 5251.
301 2449 459 2511 demetitad.
477 2451 584 2515 demittit,
595 2448 625 2513 ,θ
645 2494 676 2501 ..
697 2461 829 2515 precanter,
841 2456 885 2503 ad.
904 2461 1074 2516 precantecut
1110 2468 1136 2518 γ.
1156 2495 1187 2504 ..
1205 2452 1275 2518 derue,

156 2533 179 2567 a.
206 2516 358 2579 aodeam,d.
384 2559 411 2567 -
440 2519 533 2582 quique,
551 2514 579 2570 θ.
603 2562 634 2570 ..
661 2519 807 2581 animalium,
828 2513 925 2571 OTad.
952 2519 1059 2581 animoli,
1093 2558 1099 2570 .
1123 2563 1154 2570 -
1181 2529 1275 2586 conca,

159 2578 259 2636 OTad.
276 2593 411 2650 contraque,
422 2582 451 2648 β.
470 2628 501 2635 -
520 2603 569 2636 me
580 2588 666 2649 omnio,
678 2590 724 2638 ad.
742 2589 821 2637 cronio
832 2604 888 2649 ecoe,
899 2583 952 2652 fir.-
