2754 4726
372 309 442 357 nm.
459 310 535 359 xlx.
564 309 642 358 cae.
659 310 736 359 vm.
766 306 864 361 snos.
880 313 910 357 ss.
924 313 956 358 aa.
1162 298 1223 364 771

106 460 218 527 sativis
239 458 413 524 admodum
434 460 569 547 probata
590 482 672 545 quae
694 458 811 528 Cilicia
831 473 977 541 vocatur,
996 463 1072 531 folio
1096 461 1225 552 Cappa·

106 562 226 639 dociae,
249 561 282 625 ni
304 560 449 646 crispum
469 561 629 645 latiusque
651 573 744 628 esset.

144 661 196 728 39.
223 661 337 745 Neque
359 685 400 727 ex
423 662 535 727 eodem
557 685 675 749 genere
696 675 835 750 possunt
866 662 930 730 dici
962 686 1065 751 neque
1094 688 1135 734 ex
1161 667 1225 734 alio
1239 683 1287 729 tao
1350 670 1353 677 '

102 760 221 841 intubi,¹
240 762 354 826 hiemis
369 762 392 826 ii
413 762 620 849 patientiores
636 763 788 849 virusque
802 765 1031 850 praeferentes,
1054 767 1111 833 sed
1132 770 1225 836 caule

102 887 167 929 non
188 863 295 927 minus
316 864 418 951 grati3
442 876 591 929 seruntur
612 887 710 931 verno
731 865 861 952 plantae
880 887 1001 944 eorum,
1022 867 1134 934 ultimo
1147 890 1225 936 vere

103 964 349 1029 transferuntur.
385 965 446 1031 Est
474 976 507 1030 et
533 965 703 1043 erraticum
728 965 876 1031 intubum
905 968 993 1052 quod
1014 966 1047 1033 in
1071 968 1226 1057 Aegypto

103 1065 277 1130 cichorium
298 1076 425 1144 vocant,
448 1065 488 1131 de
510 1087 574 1150 quo
594 1065 689 1152 plura
705 1067 793 1132 alias.
815 1066 987 1133 Inventum
1008 1070 1111 1134 omnis
1134 1070 1224 1155 thyr-

103 1187 156 1230 sos
178 1166 229 1231 vel
249 1165 324 1231 folia
345 1166 542 1231 lactucarum
563 1187 739 1254 prorogare
765 1166 870 1233 meeis
892 1167 1036 1234 conditos
1058 1178 1090 1234 et
1111 1192 1224 1235 recen-

104 1265 145 1330 tis
166 1265 201 1329 in
222 1266 342 1351 patinis
364 1286 510 1350 coquere.
543 1263 703 1331 Senmtur
721 1266 865 1332 lactucae
886 1290 969 1333 anno
992 1279 1059 1334 toto
1079 1269 1171 1336 laetis
1193 1281 1225 1336 et
1240 1286 1288 1331 tao

103 1365 207 1452 riguis
229 1366 487 1450 stercoratisque,
509 1365 594 1431 binis
615 1366 779 1432 mensibus
799 1367 882 1431 inter
896 1389 1005 1433 semen
1018 1368 1224 1456 plantamque
1258 1394 1261 1399 ·

105 1476 138 1531 et
158 1465 382 1532 maturitatem.
418 1465 619 1554 Legitimum
647 1475 753 1532 tamen
781 1466 942 1534 abruma
970 1490 1080 1534 semen
1109 1469 1224 1551 iacere,

103 1567 246 1652 plantam
267 1566 394 1632 favonio
416 1566 589 1632 transferre
615 1577 671 1631 aut
699 1587 807 1633 semen
830 1566 974 1645 favonio,
1001 1569 1141 1654 plantam
1169 1593 1224 1636 ae·

103 1666 265 1749 quinoctio
298 1689 405 1732 verno.
440 1667 546 1732 Albae
572 1688 721 1732 maxume
749 1665 888 1732 hiemem
917 1667 1062 1734 tolerant.
1101 1668 1224 1735 Umorc

104 1767 211 1832 omnia
236 1767 400 1832 hortensia
426 1767 583 1855 gaudent,
613 1777 644 1832 et
671 1777 809 1833 stercore
830 1768 1005 1854 praecipue
1026 1769 1170 1836 lactucae
1191 1781 1225 1835 ct

104 1869 208 1954 magis
228 1867 343 1933 intubi.
380 1864 454 1932 Seri
475 1867 570 1933 etiam
591 1866 717 1932 radices
737 1867 845 1932 inlitas
869 1867 944 1933 fimo
964 1868 1099 1934 interest
1120 1881 1152 1935 et
1171 1892 1224 1935 re·
1239 1887 1286 1932 tar

104 1969 187 2053 pleri
209 1967 398 2052 ablaqueata
418 1968 526 2034 humo.
563 1965 706 2049 Quidam
732 1978 765 2032 et
785 1968 877 2033 aliter
898 1968 1143 2054 amplitudinem
1164 1994 1223 2036 au-

105 2079 194 2153 gent,
225 2068 337 2134 reoisis
358 2091 430 2133 cum
453 2069 495 2134 ad
517 2068 713 2155 semipedem
735 2078 945 2134 excreverunt
964 2068 1103 2154 fimoque
1132 2070 1224 2137 suillo
1325 2110 1328 2115 ·

105 2222 185 2272 dolore
201 2225 324 2274 arthritico
340 2223 460 2275 laboraret
476 2233 499 2273 et
514 2223 550 2273 ad
558 2240 672 2275 samonam
684 2224 780 2274 maciem
789 2221 918 2288 perdamne
929 2233 996 2287 esset,
1013 2234 1110 2275 carente
1120 2224 1224 2276 Aemilio

105 2290 205 2353 aredio,
228 2291 270 2354 qni
284 2309 334 2341 enm
349 2291 410 2341 adeo
425 2290 511 2341 calidis
525 2293 636 2354 mandat,
654 2299 680 2341 nt
696 2299 778 2341 tectiore
795 2289 896 2341 anomali
910 2291 960 2341 eins
976 2291 1099 2342 vellerslrns
1115 2293 1225 2356 manime,

105 2357 243 2421 dispectae,
256 2359 280 2408 in
292 2359 435 2408 contrarium
447 2357 521 2409 vossi
532 2358 644 2421 ammissa
657 2357 786 2408 nonenim
796 2358 969 2423 perfusionibus
972 2358 1084 2423 sn'pidis,
1100 2357 1144 2409 sed
1153 2359 1224 2409 &aas

104 2425 261 2489 parperiarnis
277 2424 413 2477 Cicerninne
429 2442 520 2490 aquae,
544 2442 604 2489 quae
620 2434 654 2475 est
668 2424 765 2475 Atellae
782 2425 806 2474 in
823 2423 890 2475 domo
910 2425 1032 2487 crearis
1054 2435 1077 2476 et
1091 2426 1225 2490 patientins

105 2509 161 2541 usne
172 2501 214 2554 est,
231 2492 268 2541 ita
283 2500 309 2542 nt
323 2493 388 2542 intro
400 2493 468 2543 mene
479 2500 568 2557 tenpus
578 2508 629 2542 earn
640 2500 743 2554 curant,
760 2492 789 2540 ol>
800 2508 872 2555 qnam
883 2508 980 2542 mnsam
991 2494 1023 2542 ab
1033 2492 1142 2558 Aequora
1153 2509 1225 2557 usqua

105 2556 140 2607 ad
154 2560 286 2609 sestertium
304 2558 496 2625 quadringenties
516 2575 546 2608 ee
561 2558 761 2609 senamcomlto
776 2558 893 2623 accepit.’'
917 2559 1008 2623 priora
1026 2558 1127 2609 Gemelii
1182 2560 1225 2609 'so

105 2625 199 2675 minime
211 2641 277 2674 omne
289 2635 361 2689 earet,
376 2642 418 2678 aa.
440 2625 531 2691 peeoris
545 2623 637 2675 Cameli
649 2624 733 2691 relipio
747 2624 840 2675 minime
855 2642 921 2675 omne
932 2633 1005 2687 caret,
1016 2627 1047 2676 T.
1070 2626 1164 2690 priores

105 2692 161 2742 meli
170 2691 255 2757 reliqio
266 2692 359 2742 minine
370 2709 436 2742 onae
445 2701 520 2756 earet
531 2695 556 2744 d.
570 2691 665 2758 prtem
676 2690 767 2742 Cameli
775 2691 914 2758 relipionnm
925 2708 961 2741 me
972 2708 1038 2740 mnne
1048 2700 1121 2754 caret,
1129 2694 1225 2756 Rigalt.

105 2776 146 2824 ap.
159 2759 267 2811 Salmas.
280 2775 363 2810 exerc.
374 2776 400 2826 p.
410 2764 468 2813 eet.
478 2762 504 2811 b.
513 2761 545 2810 to.
559 2758 655 2824 priores
668 2757 760 2809 Cameli
768 2757 805 2808 rel
808 2759 814 2771 '
829 2758 852 2808 io
863 2758 950 2809 nimiae
961 2774 1028 2808 omne
1038 2767 1111 2821 emet,
1123 2761 1226 2811 Thoan.

105 2830 173 2891 apud
191 2829 307 2877 eundem.
334 2826 424 2878 enneli.
442 2827 537 2893 Relipnir
548 2827 636 2878 nimiae
646 2826 711 2876 omni
719 2832 792 2887 caret,
829 2862 836 2876 .
859 2826 953 2892 priores
964 2824 1049 2875 cameli
1058 2824 1170 2891 reliqione
1181 2824 1225 2875 rni-

106 2894 168 2943 ninse
178 2894 253 2943 omine
264 2902 336 2956 earet,
352 2898 426 2947 codd.
437 2896 552 2946 Barbam
571 2894 665 2959 priores
679 2890 765 2943 wmeli
778 2892 915 2958 relipe'ennm
926 2891 965 2941 dt'e
975 2891 1040 2941 oanni
1048 2891 1225 2954 mame,

106 2963 180 3012 codd.
193 2963 271 3012 Turn.
288 2964 451 3024 adv.10,20.
475 2961 571 3026 priores
587 2969 702 3023 moerent,
718 2959 831 3025 relt'pt’ons
847 2976 908 3010 nano
922 2958 987 3008 omni
1000 2967 1072 3019 earet,
1082 2954 1112 3022 β.
1134 2960 1227 3025 priors's

109 3025 209 3078 Cornelii
220 3027 304 3093 relipio
315 3029 390 3078 ninia
401 3045 452 3078 earn
464 3035 568 3094 neparet,
580 3042 606 3092 γ.
625 3068 657 3078 -
680 3026 752 3090 alios,
762 3029 858 3092 Appul.
877 3066 909 3076 -
931 3025 1034 3091 oxymeli
1043 3033 1099 3084 tarn,
1111 3027 1226 3088 Salmas,

107 3097 151 3159 qui
172 3104 257 3146 tamen
276 3105 406 3160 praeterea
427 3112 469 3145 eas
491 3111 520 3145 ee
541 3094 643 3161 cameli
664 3096 824 3146 scribendum
845 3102 926 3158 putat.
957 3091 1118 3158 onustam,
1141 3086 1226 3145 deco

105 3161 220 3224 (Thoan.
232 3179 274 3228 ap.
287 3161 407 3226 Salmas.)
426 3160 555 3228 oeyrnelite,
566 3158 618 3226 βγ.
639 3161 678 3213 At
688 3162 814 3212 ablativus
825 3159 928 3226 orprneli
936 3161 1059 3225 reperitur
1070 3160 1145 3211 ctiam
1156 3162 1226 3225 apud

106 3228 197 3281 Coton.
209 3231 241 3281 ds
252 3246 279 3281 rc
291 3239 352 3281 rust
368 3234 461 3292 tona.
483 3245 513 3278 ea
523 3226 632 3293 oxymeli,
649 3237 674 3280 st
685 3229 752 3279 hane
763 3228 872 3278 formam
883 3229 909 3278 h.
921 3228 938 3278 1.
950 3227 1036 3279 Plinio
1048 3229 1102 3279 sine
1113 3229 1168 3278 ulla
1179 3230 1225 3278 du·

104 3298 227 3347 bitatione
242 3299 424 3348 restituendam
441 3312 497 3347 esse
512 3295 651 3346 clarissime
667 3298 744 3347 docet
759 3295 869 3360 AppuL,
885 3297 954 3361 apud
971 3310 1047 3359 quem
1064 3297 1226 3374 transpositis

104 3365 186 3415 verbis
203 3372 278 3413 mium
295 3361 324 3426 (i.
337 3379 358 3414 e.
375 3380 406 3412 ac
417 3361 477 3424 turn)
492 3369 610 3427 repertum
626 3370 661 3412 est
676 3361 748 3412 etiam
764 3363 789 3412 in
806 3360 867 3412 alios
877 3378 966 3412 memes
977 3378 1018 3411 eas
1029 3360 1139 3428 oxymelis
1150 3379 1225 3413 reser-

105 3432 162 3480 vari
176 3433 275 3495 legitur.
295 3472 326 3481 ..
349 3429 459 3492 decenam
477 3432 502 3479 d.
528 3427 634 3492 dicineo,
649 3445 692 3480 ac.
715 3431 776 3481 Via
791 3434 832 3492 20,
845 3436 886 3481 58.
904 3470 936 3480 ..
962 3437 986 3479 et
1000 3445 1058 3492 eoos,
1077 3422 1225 3482 OTKaed.

103 3497 175 3576 Epeo,
186 3494 215 3558 β.
236 3539 267 3548 ..
288 3496 462 3576 Cappadociae,
478 3489 561 3549 Geor.
584 3494 818 3563 Cappadociam
841 3493 1009 3561 Cappadocae,
1017 3491 1048 3557 β
1066 3537 1097 3547 ..
1116 3497 1224 3559 raised.

103 3581 158 3696 m?
168 3560 223 3682 gri.
239 3563 463 3695 dieqlaldllslil’edffl
476 3632 556 3681 aedr.
573 3629 658 3695 Neqae
669 3640 699 3680 ea
710 3646 744 3691 ao,
755 3630 852 3748 Appul.
869 3628 922 3681 Nee
933 3646 963 3679 ea
974 3628 1061 3690 eodm,
1072 3624 1102 3690 β.
1120 3668 1151 3678 -
1167 3644 1224 3693 pos·

103 3700 274 3763 snntAppul.
293 3698 395 3762 possint,
411 3692 493 3773 ded..
501 3698 620 3763 possita.
642 3737 668 3747 -
693 3696 783 3758 lienum
822 3698 885 3748 aod.
907 3695 985 3757 Ῐιίεηιί,
995 3692 1026 3758 β.
1045 3736 1077 3747 ..
1099 3694 1119 3744 r't‘
1128 3696 1224 3760 patien-

104 3783 182 3844 tiores,
195 3785 231 3833 ita
242 3798 290 3834 nos
302 3784 456 3847 scripsimus.
473 3780 639 3845 patientiores,
652 3783 683 3832 Τ.
700 3780 886 3845 immaniores,
897 3775 968 3841 add.
991 3779 1156 3844 impatientior,
1168 3782 1223 3845 Ap·

103 3851 156 3914 puL
175 3849 338 3914 patientiores,
350 3850 416 3900 Pina
430 3863 472 3913 er.
489 3851 523 3900 V.
537 3848 672 3900 Columell.
684 3849 733 3900 XI.
744 3853 771 3910 8,
782 3852 823 3900 st.
842 3888 874 3897 ..
891 3845 1009 3910 odusqae,
1020 3850 1065 3898 ad.
1087 3864 1138 3911 que,
1151 3864 1172 3898 e.
1191 3888 1223 3897 -

103 3917 318 4046 intitamqubm
337 3958 369 3967 ..
390 3916 550 3982 Aepyptiqc.
569 3956 600 3966 -
622 3914 739 3975 cuneo,
753 3917 793 3966 ta.
812 3921 854 3976 21,
866 3918 908 3966 88.
928 3955 959 3964 -
976 3921 1000 3962 et
1010 3922 1120 3975 recente,
1135 3910 1223 3965 daed.

103 4001 133 4033 ae
144 3993 254 4047 recentes,
291 3998 316 4047 r.

138 4055 152 4116 5
173 4058 228 4102 130.
255 4050 364 4115 irripnir,
383 4054 407 4102 d.
430 4090 461 4101 ..
487 4066 565 4100 aanor
582 4051 672 4111 iacere,
690 4051 734 4100 ad.
761 4056 904 4110 mantare,
920 4064 942 4100 c.
961 4089 992 4098 ..
1013 4047 1092 4098 Albae
1107 4063 1224 4113 namma

103 4119 234 4183 Theophr.
246 4120 307 4170 hist.
318 4120 398 4183 plant.
409 4118 471 4168 VII.
483 4125 509 4180 4,
520 4125 545 4169 3.

138 4189 152 4250 §
167 4193 223 4238 131.
244 4184 326 4236 radus
337 4183 408 4246 illius,
419 4202 439 4235 r.
458 4224 490 4234 ..
507 4182 672 4248 ablaqueatae,
682 4184 716 4236 K.
740 4190 764 4232 et
773 4182 852 4248 repar-i
862 4180 1011 4245 ablaqueatis
1022 4180 1123 4242 imnum,
1135 4183 1224 4232 Doleo.

105 4295 135 4304 ..
155 4261 314 4315 ermannnt,
325 4269 349 4303 a.
371 4251 521 4316 monetat,
532 4246 624 4317 odssr.
