<?xml version="1.0" encoding="UTF-8"?>
<!DOCTYPE html PUBLIC "-//W3C//DTD XHTML 1.0 Transitional//EN"
    "http://www.w3.org/TR/xhtml1/DTD/xhtml1-transitional.dtd">
<html xmlns="http://www.w3.org/1999/xhtml" xml:lang="en" lang="en">
 <head>
  <title>
</title>
<meta http-equiv="Content-Type" content="text/html;charset=utf-8" />
  <meta name='ocr-system' content='tesseract 3.04.00' />
  <meta name='ocr-capabilities' content='ocr_page ocr_carea ocr_par ocr_line ocrx_word'/>
</head>
<body>
  <div class='ocr_page' id='page_1' title='image "./cplinisecundina02grongoog_0321.png"; bbox 0 0 2754 4726; ppageno 0'>
   <div class='ocr_carea' id='block_1_1' title="bbox 116 270 980 351">
    <p class='ocr_par' dir='ltr' id='par_1_1' title="bbox 116 270 980 351">
     <span class='ocr_line' id='line_1_1' title="bbox 116 270 980 351; baseline -0.007 -16"><span class='ocrx_word' id='word_1_1' title='bbox 116 271 179 335; x_wconf 76' lang='lat'>310</span> <span class='ocrx_word' id='word_1_2' title='bbox 470 284 676 351; x_wconf 66' lang='lat' dir='ltr'>usnuaams</span> <span class='ocrx_word' id='word_1_3' title='bbox 698 283 892 333; x_wconf 81' lang='lat' dir='ltr'>urssomsa</span> <span class='ocrx_word' id='word_1_4' title='bbox 975 270 980 288; x_wconf 69' lang='lat'>‘</span> 
     </span>
    </p>
   </div>
   <div class='ocr_carea' id='block_1_2' title="bbox 55 433 1311 3256">
    <p class='ocr_par' dir='ltr' id='par_1_2' title="bbox 55 433 1283 1538">
     <span class='ocr_line' id='line_1_2' title="bbox 159 433 1283 524; baseline -0.002 -21"><span class='ocrx_word' id='word_1_5' title='bbox 159 438 213 504; x_wconf 78' lang='grc'>32.</span> <span class='ocrx_word' id='word_1_6' title='bbox 235 433 326 503; x_wconf 86' lang='lat' dir='ltr'>Seria</span> <span class='ocrx_word' id='word_1_7' title='bbox 348 445 381 501; x_wconf 90' lang='lat' dir='ltr'>et</span> <span class='ocrx_word' id='word_1_8' title='bbox 398 437 472 522; x_wconf 87' lang='lat' dir='ltr'>ipsa</span> <span class='ocrx_word' id='word_1_9' title='bbox 491 436 636 505; x_wconf 74' lang='lat' dir='ltr'><strong>lactucae</strong></span> <span class='ocrx_word' id='word_1_10' title='bbox 658 435 818 503; x_wconf 89' lang='lat' dir='ltr'>simillima</span> <span class='ocrx_word' id='word_1_11' title='bbox 838 436 975 503; x_wconf 91' lang='lat' dir='ltr'>duorum</span> <span class='ocrx_word' id='word_1_12' title='bbox 996 457 1155 524; x_wconf 80' lang='lat' dir='ltr'><strong>generum</strong></span> <span class='ocrx_word' id='word_1_13' title='bbox 1179 446 1246 519; x_wconf 76' lang='lat' dir='ltr'>est3</span> <span class='ocrx_word' id='word_1_14' title='bbox 1259 455 1283 503; x_wconf 80' lang='lat' dir='ltr'>rt</span> 
     </span>
     <span class='ocr_line' id='line_1_3' title="bbox 118 535 1247 624; baseline 0.003 -19"><span class='ocrx_word' id='word_1_15' title='bbox 118 538 272 605; x_wconf 84' lang='lat' dir='ltr'>silvestris</span> <span class='ocrx_word' id='word_1_16' title='bbox 299 537 428 616; x_wconf 90' lang='lat' dir='ltr'>melior,</span> <span class='ocrx_word' id='word_1_17' title='bbox 457 537 552 624; x_wconf 85' lang='lat' dir='ltr'>nigra</span> <span class='ocrx_word' id='word_1_18' title='bbox 576 537 640 603; x_wconf 89' lang='lat' dir='ltr'>ista</span> <span class='ocrx_word' id='word_1_19' title='bbox 668 547 702 603; x_wconf 91' lang='lat' dir='ltr'>et</span> <span class='ocrx_word' id='word_1_20' title='bbox 726 536 865 614; x_wconf 80' lang='lat' dir='ltr'>aestiva3</span> <span class='ocrx_word' id='word_1_21' title='bbox 892 535 1032 607; x_wconf 78' lang='lat' dir='ltr'>deterior</span> <span class='ocrx_word' id='word_1_22' title='bbox 1051 536 1193 607; x_wconf 82' lang='lat' dir='ltr'>hiberna</span> <span class='ocrx_word' id='word_1_23' title='bbox 1215 549 1247 607; x_wconf 85' lang='lat' dir='ltr'>et</span> 
     </span>
     <span class='ocr_line' id='line_1_4' title="bbox 55 630 1247 727; baseline 0 -20"><span class='ocrx_word' id='word_1_24' title='bbox 55 681 61 687; x_wconf 95' lang='lat'>-</span> <span class='ocrx_word' id='word_1_25' title='bbox 117 638 292 707; x_wconf 80' lang='lat' dir='ltr'>candidior.</span> <span class='ocrx_word' id='word_1_26' title='bbox 329 637 479 724; x_wconf 89' lang='lat' dir='ltr'>Utraque</span> <span class='ocrx_word' id='word_1_27' title='bbox 506 630 631 718; x_wconf 82' lang='lat' dir='ltr'>amara,</span> <span class='ocrx_word' id='word_1_28' title='bbox 667 636 831 707; x_wconf 77' lang='lat' dir='ltr'>stomacho</span> <span class='ocrx_word' id='word_1_29' title='bbox 856 636 1042 718; x_wconf 87' lang='lat' dir='ltr'>utilissima,</span> <span class='ocrx_word' id='word_1_30' title='bbox 1067 641 1247 727; x_wconf 86' lang='lat' dir='ltr'>praecipue</span> 
     </span>
     <span class='ocr_line' id='line_1_5' title="bbox 116 738 1246 827; baseline 0.003 -18"><span class='ocrx_word' id='word_1_31' title='bbox 116 763 213 827; x_wconf 90' lang='lat' dir='ltr'>quem</span> <span class='ocrx_word' id='word_1_32' title='bbox 233 763 327 807; x_wconf 92' lang='lat' dir='ltr'>umor</span> <span class='ocrx_word' id='word_1_33' title='bbox 348 750 459 817; x_wconf 83' lang='lat' dir='ltr'>vexet3</span> <span class='ocrx_word' id='word_1_34' title='bbox 488 762 563 807; x_wconf 90' lang='lat' dir='ltr'>cum</span> <span class='ocrx_word' id='word_1_35' title='bbox 584 750 674 807; x_wconf 89' lang='lat' dir='ltr'>aceto</span> <span class='ocrx_word' id='word_1_36' title='bbox 695 740 730 805; x_wconf 92' lang='lat' dir='ltr'>in</span> <span class='ocrx_word' id='word_1_37' title='bbox 752 738 825 807; x_wconf 90' lang='lat' dir='ltr'>cibo</span> <span class='ocrx_word' id='word_1_38' title='bbox 846 738 1041 827; x_wconf 83' lang='lat' dir='ltr'>refrigerant</span> <span class='ocrx_word' id='word_1_39' title='bbox 1060 741 1116 809; x_wconf 78' lang='lat' dir='ltr'>v&#39;ei</span> <span class='ocrx_word' id='word_1_40' title='bbox 1134 740 1246 812; x_wconf 81' lang='lat' dir='ltr'>inlitas</span> 
     </span>
     <span class='ocr_line' id='line_1_6' title="bbox 116 836 1283 927; baseline -0.005 -17"><span class='ocrx_word' id='word_1_41' title='bbox 116 843 353 927; x_wconf 87' lang='lat' dir='ltr'>discutiuntque</span> <span class='ocrx_word' id='word_1_42' title='bbox 380 852 412 907; x_wconf 90' lang='lat' dir='ltr'>et</span> <span class='ocrx_word' id='word_1_43' title='bbox 437 840 519 908; x_wconf 87' lang='lat' dir='ltr'>ahos</span> <span class='ocrx_word' id='word_1_44' title='bbox 544 862 641 925; x_wconf 88' lang='lat' dir='ltr'>quam</span> <span class='ocrx_word' id='word_1_45' title='bbox 670 839 835 908; x_wconf 73' lang='lat' dir='ltr'>stomachi.</span> <span class='ocrx_word' id='word_1_46' title='bbox 874 836 960 906; x_wconf 85' lang='lat' dir='ltr'>Cum</span> <span class='ocrx_word' id='word_1_47' title='bbox 987 841 1119 926; x_wconf 87' lang='lat' dir='ltr'>polenta</span> <span class='ocrx_word' id='word_1_48' title='bbox 1144 840 1244 909; x_wconf 85' lang='lat' dir='ltr'>silve·</span> <span class='ocrx_word' id='word_1_49' title='bbox 1258 857 1283 906; x_wconf 84' lang='lat' dir='ltr'>tt</span> 
     </span>
     <span class='ocr_line' id='line_1_7' title="bbox 118 941 1245 1012; baseline 0.002 -2"><span class='ocrx_word' id='word_1_50' title='bbox 118 943 231 1011; x_wconf 81' lang='lat' dir='ltr'>atrium</span> <span class='ocrx_word' id='word_1_51' title='bbox 251 943 377 1011; x_wconf 89' lang='lat' dir='ltr'>radices</span> <span class='ocrx_word' id='word_1_52' title='bbox 398 941 554 1009; x_wconf 89' lang='lat' dir='ltr'>stomachi</span> <span class='ocrx_word' id='word_1_53' title='bbox 570 963 670 1008; x_wconf 86' lang='lat' dir='ltr'>causa</span> <span class='ocrx_word' id='word_1_54' title='bbox 691 941 862 1009; x_wconf 81' lang='lat' dir='ltr'>sorbentur</span> <span class='ocrx_word' id='word_1_55' title='bbox 882 951 914 1006; x_wconf 91' lang='lat' dir='ltr'>et</span> <span class='ocrx_word' id='word_1_56' title='bbox 929 941 1087 1009; x_wconf 73' lang='lat' dir='ltr'>cardiacis</span> <span class='ocrx_word' id='word_1_57' title='bbox 1099 941 1245 1012; x_wconf 81' lang='lat' dir='ltr'>inlinun-</span> 
     </span>
     <span class='ocr_line' id='line_1_8' title="bbox 118 1040 1245 1132; baseline -0.002 -19"><span class='ocrx_word' id='word_1_58' title='bbox 118 1056 172 1113; x_wconf 87' lang='lat' dir='ltr'>tur</span> <span class='ocrx_word' id='word_1_59' title='bbox 198 1067 295 1132; x_wconf 90' lang='lat' dir='ltr'>super</span> <span class='ocrx_word' id='word_1_60' title='bbox 321 1043 485 1112; x_wconf 78' lang='lat' dir='ltr'>sinistram</span> <span class='ocrx_word' id='word_1_61' title='bbox 511 1064 688 1111; x_wconf 83' lang='lat' dir='ltr'>mammam</span> <span class='ocrx_word' id='word_1_62' title='bbox 726 1040 773 1109; x_wconf 83' lang='lat' dir='ltr'>Et</span> <span class='ocrx_word' id='word_1_63' title='bbox 799 1063 840 1106; x_wconf 85' lang='lat' dir='ltr'>ex</span> <span class='ocrx_word' id='word_1_64' title='bbox 867 1052 959 1107; x_wconf 88' lang='lat' dir='ltr'>aceto</span> <span class='ocrx_word' id='word_1_65' title='bbox 984 1063 1096 1110; x_wconf 88' lang='lat' dir='ltr'>omnes</span> <span class='ocrx_word' id='word_1_66' title='bbox 1121 1041 1187 1113; x_wconf 87' lang='lat' dir='ltr'>hae</span> <span class='ocrx_word' id='word_1_67' title='bbox 1213 1057 1245 1112; x_wconf 87' lang='lat' dir='ltr'>ot</span> 
     </span>
     <span class='ocr_line' id='line_1_9' title="bbox 117 1141 1243 1236; baseline -0.001 -26"><span class='ocrx_word' id='word_1_68' title='bbox 117 1147 301 1236; x_wconf 73' lang='lat' dir='ltr'>podagricis</span> <span class='ocrx_word' id='word_1_69' title='bbox 322 1145 419 1223; x_wconf 85' lang='lat' dir='ltr'>utiles</span> <span class='ocrx_word' id='word_1_70' title='bbox 441 1154 473 1212; x_wconf 90' lang='lat' dir='ltr'>ct</span> <span class='ocrx_word' id='word_1_71' title='bbox 495 1143 684 1232; x_wconf 86' lang='lat' dir='ltr'>sanguinem</span> <span class='ocrx_word' id='word_1_72' title='bbox 704 1141 922 1221; x_wconf 88' lang='lat' dir='ltr'>reicientibus,</span> <span class='ocrx_word' id='word_1_73' title='bbox 943 1142 1020 1211; x_wconf 91' lang='lat' dir='ltr'>item</span> <span class='ocrx_word' id='word_1_74' title='bbox 1040 1141 1163 1226; x_wconf 87' lang='lat' dir='ltr'>quibus</span> <span class='ocrx_word' id='word_1_75' title='bbox 1183 1166 1243 1232; x_wconf 82' lang='lat' dir='ltr'>gc-</span> 
     </span>
     <span class='ocr_line' id='line_1_10' title="bbox 118 1243 1244 1331; baseline -0.003 -16"><span class='ocrx_word' id='word_1_76' title='bbox 118 1249 226 1315; x_wconf 89' lang='lat' dir='ltr'>nitura</span> <span class='ocrx_word' id='word_1_77' title='bbox 251 1245 345 1324; x_wconf 89' lang='lat' dir='ltr'>fluat,</span> <span class='ocrx_word' id='word_1_78' title='bbox 373 1245 496 1310; x_wconf 89' lang='lat' dir='ltr'>alterno</span> <span class='ocrx_word' id='word_1_79' title='bbox 523 1244 650 1311; x_wconf 88' lang='lat' dir='ltr'>dicrum</span> <span class='ocrx_word' id='word_1_80' title='bbox 671 1254 759 1331; x_wconf 87' lang='lat' dir='ltr'>potu.</span> <span class='ocrx_word' id='word_1_81' title='bbox 794 1243 966 1310; x_wconf 82' lang='lat' dir='ltr'>Petronius</span> <span class='ocrx_word' id='word_1_82' title='bbox 992 1243 1155 1312; x_wconf 90' lang='lat' dir='ltr'>Diodotus</span> <span class='ocrx_word' id='word_1_83' title='bbox 1187 1245 1244 1330; x_wconf 92' lang='lat' dir='ltr'>qui</span> 
     </span>
     <span class='ocr_line' id='line_1_11' title="bbox 118 1344 1244 1435; baseline -0.003 -20"><span class='ocrx_word' id='word_1_84' title='bbox 118 1348 389 1435; x_wconf 83' lang='lat' dir='ltr'>anthologumena</span> <span class='ocrx_word' id='word_1_85' title='bbox 410 1344 539 1431; x_wconf 82' lang='lat' dir='ltr'>scripsit</span> <span class='ocrx_word' id='word_1_86' title='bbox 563 1345 599 1411; x_wconf 91' lang='lat' dir='ltr'>in</span> <span class='ocrx_word' id='word_1_87' title='bbox 627 1355 730 1413; x_wconf 89' lang='lat' dir='ltr'>tetum</span> <span class='ocrx_word' id='word_1_88' title='bbox 751 1344 915 1412; x_wconf 84' lang='lat' dir='ltr'>damnavit</span> <span class='ocrx_word' id='word_1_89' title='bbox 936 1345 1033 1413; x_wconf 86' lang='lat' dir='ltr'>serim</span> <span class='ocrx_word' id='word_1_90' title='bbox 1048 1346 1160 1415; x_wconf 83' lang='lat' dir='ltr'>multis</span> <span class='ocrx_word' id='word_1_91' title='bbox 1173 1368 1244 1421; x_wconf 86' lang='lat' dir='ltr'>mo·</span> 
     </span>
     <span class='ocr_line' id='line_1_12' title="bbox 118 1445 1028 1538; baseline 0 -22"><span class='ocrx_word' id='word_1_92' title='bbox 118 1449 171 1516; x_wconf 90' lang='lat' dir='ltr'>dis</span> <span class='ocrx_word' id='word_1_93' title='bbox 192 1470 348 1538; x_wconf 84' lang='lat' dir='ltr'>arguens,</span> <span class='ocrx_word' id='word_1_94' title='bbox 369 1447 428 1516; x_wconf 88' lang='lat' dir='ltr'>ssd</span> <span class='ocrx_word' id='word_1_95' title='bbox 448 1446 585 1515; x_wconf 91' lang='lat' dir='ltr'>aliorum</span> <span class='ocrx_word' id='word_1_96' title='bbox 605 1448 747 1513; x_wconf 92' lang='lat' dir='ltr'>omnium</span> <span class='ocrx_word' id='word_1_97' title='bbox 767 1445 877 1532; x_wconf 80' lang='lat' dir='ltr'>opinio</span> <span class='ocrx_word' id='word_1_98' title='bbox 898 1446 1028 1515; x_wconf 82' lang='lat' dir='ltr'>resistit.</span> 
     </span>
    </p>

    <p class='ocr_par' dir='ltr' id='par_1_3' title="bbox 118 1546 1311 3256">
     <span class='ocr_line' id='line_1_13' title="bbox 160 1546 1282 1637; baseline -0.005 -20"><span class='ocrx_word' id='word_1_99' title='bbox 160 1549 225 1617; x_wconf 86' lang='lat' dir='ltr'>IX.</span> <span class='ocrx_word' id='word_1_100' title='bbox 247 1551 300 1617; x_wconf 81' lang='lat'>33.</span> <span class='ocrx_word' id='word_1_101' title='bbox 322 1548 492 1617; x_wconf 86' lang='lat' dir='ltr'>Brassicae</span> <span class='ocrx_word' id='word_1_102' title='bbox 506 1548 620 1616; x_wconf 89' lang='lat' dir='ltr'>laudes</span> <span class='ocrx_word' id='word_1_103' title='bbox 632 1548 765 1637; x_wconf 87' lang='lat' dir='ltr'>longum</span> <span class='ocrx_word' id='word_1_104' title='bbox 779 1555 829 1613; x_wconf 89' lang='lat' dir='ltr'>est</span> <span class='ocrx_word' id='word_1_105' title='bbox 842 1546 987 1632; x_wconf 83' lang='lat' dir='ltr'>exsequi,</span> <span class='ocrx_word' id='word_1_106' title='bbox 1009 1568 1083 1618; x_wconf 87' lang='lat' dir='ltr'>cum</span> <span class='ocrx_word' id='word_1_107' title='bbox 1092 1559 1127 1616; x_wconf 89' lang='lat' dir='ltr'>et</span> <span class='ocrx_word' id='word_1_108' title='bbox 1137 1546 1243 1634; x_wconf 85' lang='lat' dir='ltr'>Chry·</span> <span class='ocrx_word' id='word_1_109' title='bbox 1256 1565 1282 1611; x_wconf 82' lang='lat' dir='ltr'>rs</span> 
     </span>
     <span class='ocr_line' id='line_1_14' title="bbox 121 1647 1245 1740; baseline -0.002 -22"><span class='ocrx_word' id='word_1_110' title='bbox 121 1653 234 1738; x_wconf 88' lang='lat' dir='ltr'>sippus</span> <span class='ocrx_word' id='word_1_111' title='bbox 258 1652 405 1720; x_wconf 86' lang='lat' dir='ltr'>medicus</span> <span class='ocrx_word' id='word_1_112' title='bbox 430 1650 581 1737; x_wconf 85' lang='lat' dir='ltr'>privatim</span> <span class='ocrx_word' id='word_1_113' title='bbox 607 1649 756 1716; x_wconf 87' lang='lat' dir='ltr'>volumen</span> <span class='ocrx_word' id='word_1_114' title='bbox 784 1647 814 1714; x_wconf 90' lang='lat' dir='ltr'>ei</span> <span class='ocrx_word' id='word_1_115' title='bbox 839 1647 996 1716; x_wconf 86' lang='lat' dir='ltr'>dicaverit</span> <span class='ocrx_word' id='word_1_116' title='bbox 1025 1671 1085 1735; x_wconf 86' lang='lat' dir='ltr'>per</span> <span class='ocrx_word' id='word_1_117' title='bbox 1114 1649 1245 1740; x_wconf 76' lang='lat' dir='ltr'>singnis</span> 
     </span>
     <span class='ocr_line' id='line_1_15' title="bbox 119 1747 1244 1839; baseline 0.004 -22"><span class='ocrx_word' id='word_1_118' title='bbox 119 1752 263 1817; x_wconf 87' lang='lat' dir='ltr'>membra</span> <span class='ocrx_word' id='word_1_119' title='bbox 284 1752 423 1818; x_wconf 90' lang='lat' dir='ltr'>hominis</span> <span class='ocrx_word' id='word_1_120' title='bbox 444 1751 622 1839; x_wconf 85' lang='lat' dir='ltr'>digestum,</span> <span class='ocrx_word' id='word_1_121' title='bbox 650 1759 685 1817; x_wconf 91' lang='lat' dir='ltr'>et</span> <span class='ocrx_word' id='word_1_122' title='bbox 704 1747 888 1828; x_wconf 88' lang='lat' dir='ltr'>Dieuches,</span> <span class='ocrx_word' id='word_1_123' title='bbox 914 1759 989 1819; x_wconf 84' lang='lat' dir='ltr'>aute</span> <span class='ocrx_word' id='word_1_124' title='bbox 1010 1751 1114 1818; x_wconf 87' lang='lat' dir='ltr'>omnis</span> <span class='ocrx_word' id='word_1_125' title='bbox 1136 1764 1244 1821; x_wconf 86' lang='lat' dir='ltr'>autem</span> 
     </span>
     <span class='ocr_line' id='line_1_16' title="bbox 119 1838 1243 1939; baseline 0.003 -21"><span class='ocrx_word' id='word_1_126' title='bbox 119 1838 391 1939; x_wconf 43' lang='lat' dir='ltr'>Pythagoras&amp;</span> <span class='ocrx_word' id='word_1_127' title='bbox 410 1849 494 1918; x_wconf 82' lang='lat' dir='ltr'>Cato</span> <span class='ocrx_word' id='word_1_128' title='bbox 515 1873 581 1919; x_wconf 89' lang='lat' dir='ltr'>non</span> <span class='ocrx_word' id='word_1_129' title='bbox 601 1849 731 1937; x_wconf 90' lang='lat' dir='ltr'>parcius</span> <span class='ocrx_word' id='word_1_130' title='bbox 750 1849 976 1929; x_wconf 85' lang='lat' dir='ltr'>celebraverit,</span> <span class='ocrx_word' id='word_1_131' title='bbox 1004 1852 1096 1920; x_wconf 85' lang='lat' dir='ltr'>cuius</span> <span class='ocrx_word' id='word_1_132' title='bbox 1115 1865 1243 1921; x_wconf 83' lang='lat' dir='ltr'>senten·</span> 
     </span>
     <span class='ocr_line' id='line_1_17' title="bbox 121 1952 1243 2040; baseline 0.002 -19"><span class='ocrx_word' id='word_1_133' title='bbox 121 1954 199 2021; x_wconf 88' lang='lat' dir='ltr'>tiam</span> <span class='ocrx_word' id='word_1_134' title='bbox 224 1954 276 2021; x_wconf 86' lang='lat' dir='ltr'>vei</span> <span class='ocrx_word' id='word_1_135' title='bbox 305 1975 344 2021; x_wconf 92' lang='lat' dir='ltr'>eo</span> <span class='ocrx_word' id='word_1_136' title='bbox 372 1952 558 2040; x_wconf 83' lang='lat' dir='ltr'>diligentius</span> <span class='ocrx_word' id='word_1_137' title='bbox 589 1952 740 2039; x_wconf 84' lang='lat' dir='ltr'>persequi</span> <span class='ocrx_word' id='word_1_138' title='bbox 767 1972 827 2038; x_wconf 91' lang='lat' dir='ltr'>par</span> <span class='ocrx_word' id='word_1_139' title='bbox 853 1961 905 2020; x_wconf 85' lang='lat' dir='ltr'>est</span> <span class='ocrx_word' id='word_1_140' title='bbox 937 1962 975 2018; x_wconf 93' lang='lat' dir='ltr'>ut</span> <span class='ocrx_word' id='word_1_141' title='bbox 994 1964 1149 2021; x_wconf 87' lang='lat' dir='ltr'>noscatur</span> <span class='ocrx_word' id='word_1_142' title='bbox 1179 1976 1243 2040; x_wconf 84' lang='lat' dir='ltr'>qua</span> 
     </span>
     <span class='ocr_line' id='line_1_18' title="bbox 121 2053 1282 2144; baseline 0.003 -22"><span class='ocrx_word' id='word_1_143' title='bbox 121 2056 283 2122; x_wconf 87' lang='lat' dir='ltr'>medicina</span> <span class='ocrx_word' id='word_1_144' title='bbox 308 2078 387 2124; x_wconf 88' lang='lat' dir='ltr'>usus</span> <span class='ocrx_word' id='word_1_145' title='bbox 410 2056 452 2121; x_wconf 92' lang='lat' dir='ltr'>sit</span> <span class='ocrx_word' id='word_1_146' title='bbox 473 2055 567 2121; x_wconf 86' lang='lat' dir='ltr'>annis</span> <span class='ocrx_word' id='word_1_147' title='bbox 588 2076 631 2119; x_wconf 89' lang='lat' dir='ltr'>nc</span> <span class='ocrx_word' id='word_1_148' title='bbox 651 2053 818 2119; x_wconf 88' lang='lat' dir='ltr'>Romanus</span> <span class='ocrx_word' id='word_1_149' title='bbox 839 2053 989 2139; x_wconf 88' lang='lat' dir='ltr'>populus.</span> <span class='ocrx_word' id='word_1_150' title='bbox 1024 2054 1067 2121; x_wconf 88' lang='lat' dir='ltr'>In</span> <span class='ocrx_word' id='word_1_151' title='bbox 1088 2055 1148 2124; x_wconf 84' lang='lat' dir='ltr'>tris</span> <span class='ocrx_word' id='word_1_152' title='bbox 1168 2078 1242 2144; x_wconf 83' lang='lat' dir='ltr'>spe·</span> <span class='ocrx_word' id='word_1_153' title='bbox 1255 2069 1282 2116; x_wconf 81' lang='lat'>⁷⁹</span> 
     </span>
     <span class='ocr_line' id='line_1_19' title="bbox 120 2153 1243 2242; baseline 0.004 -20"><span class='ocrx_word' id='word_1_154' title='bbox 120 2157 185 2222; x_wconf 93' lang='lat' dir='ltr'>cies</span> <span class='ocrx_word' id='word_1_155' title='bbox 207 2157 346 2221; x_wconf 89' lang='lat' dir='ltr'>divisere</span> <span class='ocrx_word' id='word_1_156' title='bbox 367 2178 437 2220; x_wconf 91' lang='lat' dir='ltr'>eam</span> <span class='ocrx_word' id='word_1_157' title='bbox 468 2153 588 2223; x_wconf 87' lang='lat' dir='ltr'>Graeci</span> <span class='ocrx_word' id='word_1_158' title='bbox 614 2154 846 2238; x_wconf 76' lang='lat' dir='ltr'>antiquissimi:</span> <span class='ocrx_word' id='word_1_159' title='bbox 875 2155 1026 2241; x_wconf 80' lang='lat' dir='ltr'>crispam·</span> <span class='ocrx_word' id='word_1_160' title='bbox 1044 2177 1143 2242; x_wconf 89' lang='lat' dir='ltr'>quam</span> <span class='ocrx_word' id='word_1_161' title='bbox 1170 2157 1243 2226; x_wconf 85' lang='lat' dir='ltr'>seii·</span> 
     </span>
     <span class='ocr_line' id='line_1_20' title="bbox 118 2253 1244 2341; baseline 0.006 -21"><span class='ocrx_word' id='word_1_162' title='bbox 118 2255 236 2321; x_wconf 88' lang='lat' dir='ltr'>ncidea</span> <span class='ocrx_word' id='word_1_163' title='bbox 272 2264 472 2321; x_wconf 81' lang='lat' dir='ltr'>vocaverunt</span> <span class='ocrx_word' id='word_1_164' title='bbox 504 2277 524 2319; x_wconf 91' lang='lat' dir='ltr'>a</span> <span class='ocrx_word' id='word_1_165' title='bbox 564 2253 769 2320; x_wconf 88' lang='lat' dir='ltr'>similitudine</span> <span class='ocrx_word' id='word_1_166' title='bbox 797 2255 850 2341; x_wconf 91' lang='lat' dir='ltr'>api</span> <span class='ocrx_word' id='word_1_167' title='bbox 880 2255 1044 2336; x_wconf 81' lang='lat' dir='ltr'>foliorum,</span> <span class='ocrx_word' id='word_1_168' title='bbox 1082 2259 1244 2327; x_wconf 77' lang='lat' dir='ltr'>stomacho</span> 
     </span>
     <span class='ocr_line' id='line_1_21' title="bbox 119 2355 1244 2434; baseline 0.005 -12"><span class='ocrx_word' id='word_1_169' title='bbox 119 2356 242 2434; x_wconf 89' lang='lat' dir='ltr'>utilem,</span> <span class='ocrx_word' id='word_1_170' title='bbox 264 2356 368 2422; x_wconf 85' lang='lat' dir='ltr'>alvom</span> <span class='ocrx_word' id='word_1_171' title='bbox 389 2355 513 2422; x_wconf 91' lang='lat' dir='ltr'>modice</span> <span class='ocrx_word' id='word_1_172' title='bbox 533 2355 745 2432; x_wconf 91' lang='lat' dir='ltr'>mollientem;</span> <span class='ocrx_word' id='word_1_173' title='bbox 775 2358 909 2423; x_wconf 89' lang='lat' dir='ltr'>alteram</span> <span class='ocrx_word' id='word_1_174' title='bbox 929 2357 1046 2425; x_wconf 88' lang='lat' dir='ltr'>heliam</span> <span class='ocrx_word' id='word_1_175' title='bbox 1065 2359 1142 2427; x_wconf 85' lang='lat' dir='ltr'>latis</span> <span class='ocrx_word' id='word_1_176' title='bbox 1160 2360 1244 2428; x_wconf 81' lang='lat' dir='ltr'>foliis</span> 
     </span>
     <span class='ocr_line' id='line_1_22' title="bbox 118 2456 1244 2543; baseline 0.004 -19"><span class='ocrx_word' id='word_1_177' title='bbox 118 2481 138 2524; x_wconf 88' lang='lat' dir='ltr'>c</span> <span class='ocrx_word' id='word_1_178' title='bbox 159 2459 249 2525; x_wconf 90' lang='lat' dir='ltr'>canie</span> <span class='ocrx_word' id='word_1_179' title='bbox 272 2456 473 2537; x_wconf 83' lang='lat' dir='ltr'>exeuntibus,</span> <span class='ocrx_word' id='word_1_180' title='bbox 495 2457 582 2524; x_wconf 87' lang='lat' dir='ltr'>unde</span> <span class='ocrx_word' id='word_1_181' title='bbox 604 2457 771 2524; x_wconf 80' lang='lat' dir='ltr'>caulodem</span> <span class='ocrx_word' id='word_1_182' title='bbox 791 2459 923 2543; x_wconf 87' lang='lat' dir='ltr'>quidam</span> <span class='ocrx_word' id='word_1_183' title='bbox 936 2482 1105 2541; x_wconf 87' lang='lat' dir='ltr'>vocavere,</span> <span class='ocrx_word' id='word_1_184' title='bbox 1125 2462 1244 2529; x_wconf 89' lang='lat' dir='ltr'>nuliius</span> 
     </span>
     <span class='ocr_line' id='line_1_23' title="bbox 118 2560 1243 2647; baseline 0.004 -21"><span class='ocrx_word' id='word_1_185' title='bbox 118 2561 153 2626; x_wconf 91' lang='lat' dir='ltr'>in</span> <span class='ocrx_word' id='word_1_186' title='bbox 179 2560 338 2626; x_wconf 91' lang='lat' dir='ltr'>medicina</span> <span class='ocrx_word' id='word_1_187' title='bbox 363 2560 515 2625; x_wconf 87' lang='lat' dir='ltr'>momenti</span> <span class='ocrx_word' id='word_1_188' title='bbox 522 2586 532 2639; x_wconf 84' lang='lat'>3</span> <span class='ocrx_word' id='word_1_189' title='bbox 566 2560 660 2625; x_wconf 86' lang='lat' dir='ltr'>tertia</span> <span class='ocrx_word' id='word_1_190' title='bbox 685 2571 735 2626; x_wconf 90' lang='lat' dir='ltr'>est</span> <span class='ocrx_word' id='word_1_191' title='bbox 762 2560 891 2646; x_wconf 89' lang='lat' dir='ltr'>proprie</span> <span class='ocrx_word' id='word_1_192' title='bbox 917 2561 1077 2647; x_wconf 88' lang='lat' dir='ltr'>appellata</span> <span class='ocrx_word' id='word_1_193' title='bbox 1104 2562 1243 2640; x_wconf 85' lang='lat' dir='ltr'>crambe,</span> 
     </span>
     <span class='ocr_line' id='line_1_24' title="bbox 120 2660 1243 2747; baseline 0.002 -19"><span class='ocrx_word' id='word_1_194' title='bbox 120 2663 319 2730; x_wconf 89' lang='lat' dir='ltr'>tenuioribus</span> <span class='ocrx_word' id='word_1_195' title='bbox 339 2662 425 2728; x_wconf 90' lang='lat' dir='ltr'>foliis</span> <span class='ocrx_word' id='word_1_196' title='bbox 447 2673 479 2727; x_wconf 89' lang='lat' dir='ltr'>et</span> <span class='ocrx_word' id='word_1_197' title='bbox 501 2660 700 2747; x_wconf 89' lang='lat' dir='ltr'>simplicibus</span> <span class='ocrx_word' id='word_1_198' title='bbox 722 2661 998 2746; x_wconf 88' lang='lat' dir='ltr'>densissimisque,</span> <span class='ocrx_word' id='word_1_199' title='bbox 1026 2662 1165 2729; x_wconf 89' lang='lat' dir='ltr'>amarior</span> <span class='ocrx_word' id='word_1_200' title='bbox 1186 2664 1243 2732; x_wconf 88' lang='lat' dir='ltr'>sed</span> 
     </span>
     <span class='ocr_line' id='line_1_25' title="bbox 120 2762 1285 2853; baseline -0.008 -21"><span class='ocrx_word' id='word_1_201' title='bbox 120 2765 350 2832; x_wconf 89' lang='lat' dir='ltr'>efficacissima.</span> <span class='ocrx_word' id='word_1_202' title='bbox 374 2762 456 2829; x_wconf 87' lang='lat' dir='ltr'>Cato</span> <span class='ocrx_word' id='word_1_203' title='bbox 472 2762 611 2848; x_wconf 88' lang='lat' dir='ltr'>crispam</span> <span class='ocrx_word' id='word_1_204' title='bbox 624 2783 775 2853; x_wconf 75' lang='lat' dir='ltr'>maxume</span> <span class='ocrx_word' id='word_1_205' title='bbox 788 2762 913 2848; x_wconf 89' lang='lat' dir='ltr'>probat,</span> <span class='ocrx_word' id='word_1_206' title='bbox 937 2763 1012 2830; x_wconf 90' lang='lat' dir='ltr'>dein</span> <span class='ocrx_word' id='word_1_207' title='bbox 1025 2765 1130 2830; x_wconf 89' lang='lat' dir='ltr'>levem</span> <span class='ocrx_word' id='word_1_208' title='bbox 1145 2787 1242 2850; x_wconf 81' lang='lat' dir='ltr'>gran-</span> <span class='ocrx_word' id='word_1_209' title='bbox 1256 2778 1285 2824; x_wconf 84' lang='lat' dir='ltr'>eo</span> 
     </span>
     <span class='ocr_line' id='line_1_26' title="bbox 119 2863 1243 2953; baseline 0.003 -23"><span class='ocrx_word' id='word_1_210' title='bbox 119 2864 215 2931; x_wconf 92' lang='lat' dir='ltr'>dibus</span> <span class='ocrx_word' id='word_1_211' title='bbox 235 2865 332 2945; x_wconf 90' lang='lat' dir='ltr'>foliis,</span> <span class='ocrx_word' id='word_1_212' title='bbox 354 2864 445 2932; x_wconf 89' lang='lat' dir='ltr'>caule</span> <span class='ocrx_word' id='word_1_213' title='bbox 466 2885 602 2952; x_wconf 84' lang='lat' dir='ltr'>magn03</span> <span class='ocrx_word' id='word_1_214' title='bbox 635 2863 788 2953; x_wconf 88' lang='lat' dir='ltr'>prodesse</span> <span class='ocrx_word' id='word_1_215' title='bbox 810 2863 908 2929; x_wconf 88' lang='lat' dir='ltr'>tradit</span> <span class='ocrx_word' id='word_1_216' title='bbox 928 2865 1045 2950; x_wconf 87' lang='lat' dir='ltr'>cepitis</span> <span class='ocrx_word' id='word_1_217' title='bbox 1066 2864 1243 2946; x_wconf 87' lang='lat' dir='ltr'>doloribus,</span> 
     </span>
     <span class='ocr_line' id='line_1_27' title="bbox 119 2964 1244 3056; baseline 0.002 -25"><span class='ocrx_word' id='word_1_218' title='bbox 119 2966 286 3033; x_wconf 90' lang='lat' dir='ltr'>oculorum</span> <span class='ocrx_word' id='word_1_219' title='bbox 307 2964 438 3056; x_wconf 85' lang='lat' dir='ltr'>caligini</span> <span class='ocrx_word' id='word_1_220' title='bbox 461 2964 811 3050; x_wconf 89' lang='lat' dir='ltr'>scintillationibusque,</span> <span class='ocrx_word' id='word_1_221' title='bbox 833 2964 926 3044; x_wconf 88' lang='lat' dir='ltr'>lieni,</span> <span class='ocrx_word' id='word_1_222' title='bbox 950 2965 1129 3046; x_wconf 87' lang='lat' dir='ltr'>stomacho,</span> <span class='ocrx_word' id='word_1_223' title='bbox 1152 2988 1244 3053; x_wconf 88' lang='lat' dir='ltr'>prae·</span> 
     </span>
     <span class='ocr_line' id='line_1_28' title="bbox 119 3065 1241 3146; baseline 0 -12"><span class='ocrx_word' id='word_1_224' title='bbox 119 3065 237 3134; x_wconf 89' lang='lat' dir='ltr'>ccrdiis</span> <span class='ocrx_word' id='word_1_225' title='bbox 265 3068 396 3134; x_wconf 90' lang='lat' dir='ltr'>crudam</span> <span class='ocrx_word' id='word_1_226' title='bbox 425 3089 466 3134; x_wconf 85' lang='lat' dir='ltr'>ex</span> <span class='ocrx_word' id='word_1_227' title='bbox 492 3078 585 3134; x_wconf 88' lang='lat' dir='ltr'>aceto</span> <span class='ocrx_word' id='word_1_228' title='bbox 607 3076 639 3131; x_wconf 88' lang='lat' dir='ltr'>et</span> <span class='ocrx_word' id='word_1_229' title='bbox 660 3066 769 3144; x_wconf 89' lang='lat' dir='ltr'>melle,</span> <span class='ocrx_word' id='word_1_230' title='bbox 799 3066 981 3146; x_wconf 88' lang='lat' dir='ltr'>coriandro,</span> <span class='ocrx_word' id='word_1_231' title='bbox 1008 3078 1096 3146; x_wconf 89' lang='lat' dir='ltr'>ruta,</span> <span class='ocrx_word' id='word_1_232' title='bbox 1123 3079 1241 3146; x_wconf 90' lang='lat' dir='ltr'>menta,</span> 
     </span>
     <span class='ocr_line' id='line_1_29' title="bbox 118 3164 1311 3256; baseline 0 -21"><span class='ocrx_word' id='word_1_233' title='bbox 118 3170 230 3236; x_wconf 89' lang='lat' dir='ltr'>laseris</span> <span class='ocrx_word' id='word_1_234' title='bbox 257 3168 402 3236; x_wconf 86' lang='lat' dir='ltr'>radicula</span> <span class='ocrx_word' id='word_1_235' title='bbox 428 3177 588 3256; x_wconf 85' lang='lat' dir='ltr'>sumptam</span> <span class='ocrx_word' id='word_1_236' title='bbox 614 3164 790 3234; x_wconf 88' lang='lat' dir='ltr'>acetabulis</span> <span class='ocrx_word' id='word_1_237' title='bbox 819 3166 946 3235; x_wconf 90' lang='lat' dir='ltr'>duobus</span> <span class='ocrx_word' id='word_1_238' title='bbox 967 3168 1143 3246; x_wconf 88' lang='lat' dir='ltr'>matutino,</span> <span class='ocrx_word' id='word_1_239' title='bbox 1172 3181 1242 3235; x_wconf 88' lang='lat' dir='ltr'>tan·</span> <span class='ocrx_word' id='word_1_240' title='bbox 1308 3235 1311 3242; x_wconf 82' lang='grc'><strong>,</strong></span> 
     </span>
    </p>
   </div>
   <div class='ocr_carea' id='block_1_3' title="bbox 115 3372 1242 4320">
    <p class='ocr_par' dir='ltr' id='par_1_4' title="bbox 118 3372 1242 3577">
     <span class='ocr_line' id='line_1_30' title="bbox 152 3372 1241 3441; baseline 0.005 -18"><span class='ocrx_word' id='word_1_241' title='bbox 152 3376 221 3438; x_wconf 70' lang='lat' dir='ltr'>§ie</span> <span class='ocrx_word' id='word_1_242' title='bbox 247 3373 296 3423; x_wconf 81' lang='lat' dir='ltr'>istc</span> <span class='ocrx_word' id='word_1_243' title='bbox 311 3381 345 3438; x_wconf 80' lang='lat' dir='ltr'>st3</span> <span class='ocrx_word' id='word_1_244' title='bbox 363 3387 410 3438; x_wconf 87' lang='lat' dir='ltr'>pro</span> <span class='ocrx_word' id='word_1_245' title='bbox 427 3373 468 3423; x_wconf 87' lang='lat' dir='ltr'>his</span> <span class='ocrx_word' id='word_1_246' title='bbox 482 3385 521 3422; x_wconf 83' lang='lat' dir='ltr'>vv.</span> <span class='ocrx_word' id='word_1_247' title='bbox 538 3374 636 3424; x_wconf 80' lang='lat' dir='ltr'>habent</span> <span class='ocrx_word' id='word_1_248' title='bbox 651 3372 688 3422; x_wconf 82' lang='lat' dir='ltr'>ita</span> <span class='ocrx_word' id='word_1_249' title='bbox 704 3381 739 3422; x_wconf 81' lang='lat' dir='ltr'>cst</span> <span class='ocrx_word' id='word_1_250' title='bbox 753 3376 797 3426; x_wconf 78' lang='lat' dir='ltr'>ad</span> <span class='ocrx_word' id='word_1_251' title='bbox 823 3375 866 3427; x_wconf 87' lang='lat' dir='ltr'>De</span> <span class='ocrx_word' id='word_1_252' title='bbox 881 3389 909 3427; x_wconf 85' lang='lat' dir='ltr'>re</span> <span class='ocrx_word' id='word_1_253' title='bbox 924 3376 1078 3428; x_wconf 83' lang='lat' dir='ltr'>v.Dioscor.</span> <span class='ocrx_word' id='word_1_254' title='bbox 1095 3381 1192 3441; x_wconf 78' lang='lat'>2,159.</span> <span class='ocrx_word' id='word_1_255' title='bbox 1210 3417 1241 3428; x_wconf 91' lang='grc'>..</span> 
     </span>
     <span class='ocr_line' id='line_1_31' title="bbox 118 3434 1242 3506; baseline 0.002 -15"><span class='ocrx_word' id='word_1_256' title='bbox 118 3434 327 3502; x_wconf 76' lang='lat' dir='ltr'>smcrc,OTad.</span> <span class='ocrx_word' id='word_1_257' title='bbox 354 3447 396 3503; x_wconf 78' lang='lat' dir='ltr'>cet,</span> <span class='ocrx_word' id='word_1_258' title='bbox 411 3456 431 3491; x_wconf 87' lang='lat' dir='ltr'>r.</span> <span class='ocrx_word' id='word_1_259' title='bbox 460 3434 585 3502; x_wconf 56' lang='lat' dir='ltr'>tasum.</span> <span class='ocrx_word' id='word_1_260' title='bbox 603 3479 635 3489; x_wconf 94' lang='grc'>..</span> <span class='ocrx_word' id='word_1_261' title='bbox 653 3437 789 3502; x_wconf 80' lang='lat' dir='ltr'>utilissima,</span> <span class='ocrx_word' id='word_1_262' title='bbox 804 3445 849 3493; x_wconf 87' lang='lat' dir='ltr'>ad.</span> <span class='ocrx_word' id='word_1_263' title='bbox 875 3440 1009 3505; x_wconf 66' lang='lat' dir='ltr'>actaeae,</span> <span class='ocrx_word' id='word_1_264' title='bbox 1023 3435 1082 3496; x_wconf 82' lang='grc' dir='ltr'>θΤ.</span> <span class='ocrx_word' id='word_1_265' title='bbox 1101 3481 1134 3497; x_wconf 91' lang='grc'>..</span> <span class='ocrx_word' id='word_1_266' title='bbox 1152 3442 1242 3506; x_wconf 74' lang='lat' dir='ltr'>humor,</span> 
     </span>
     <span class='ocr_line' id='line_1_32' title="bbox 119 3500 993 3577; baseline 0 -19"><span class='ocrx_word' id='word_1_267' title='bbox 119 3509 192 3560; x_wconf 81' lang='lat' dir='ltr'>Tati.</span> <span class='ocrx_word' id='word_1_268' title='bbox 211 3524 276 3569; x_wconf 83' lang='lat' dir='ltr'>uror,</span> <span class='ocrx_word' id='word_1_269' title='bbox 292 3500 320 3558; x_wconf 84' lang='grc' dir='ltr'>θ.</span> <span class='ocrx_word' id='word_1_270' title='bbox 339 3548 371 3558; x_wconf 88' lang='lat'>..</span> <span class='ocrx_word' id='word_1_271' title='bbox 388 3513 463 3569; x_wconf 73' lang='lat' dir='ltr'>vescet,</span> <span class='ocrx_word' id='word_1_272' title='bbox 475 3505 549 3556; x_wconf 85' lang='lat' dir='ltr'>Ted.</span> <span class='ocrx_word' id='word_1_273' title='bbox 566 3512 645 3577; x_wconf 61' lang='lat' dir='ltr'>verat,</span> <span class='ocrx_word' id='word_1_274' title='bbox 655 3500 706 3570; x_wconf 75' lang='grc' dir='ltr'>βγ.</span> <span class='ocrx_word' id='word_1_275' title='bbox 725 3547 757 3558; x_wconf 91' lang='grc'>..</span> <span class='ocrx_word' id='word_1_276' title='bbox 775 3506 841 3557; x_wconf 80' lang='lat' dir='ltr'>alias</span> <span class='ocrx_word' id='word_1_277' title='bbox 852 3517 948 3573; x_wconf 80' lang='lat' dir='ltr'>cqrtcm,</span> <span class='ocrx_word' id='word_1_278' title='bbox 959 3511 993 3562; x_wconf 82' lang='lat' dir='ltr'>K.</span> 
     </span>
    </p>

    <p class='ocr_par' dir='ltr' id='par_1_5' title="bbox 117 3571 1241 4042">
     <span class='ocr_line' id='line_1_33' title="bbox 153 3571 1241 3642; baseline -0.001 -14"><span class='ocrx_word' id='word_1_279' title='bbox 153 3579 221 3642; x_wconf 69' lang='lat'>577.</span> <span class='ocrx_word' id='word_1_280' title='bbox 244 3573 360 3624; x_wconf 75' lang='lat' dir='ltr'>stomachi</span> <span class='ocrx_word' id='word_1_281' title='bbox 370 3575 509 3635; x_wconf 66' lang='lat' dir='ltr'>cassand.</span> <span class='ocrx_word' id='word_1_282' title='bbox 535 3572 692 3635; x_wconf 73' lang='lat' dir='ltr'>sternaciictis,</span> <span class='ocrx_word' id='word_1_283' title='bbox 707 3576 741 3624; x_wconf 82' lang='lat' dir='ltr'>K.</span> <span class='ocrx_word' id='word_1_284' title='bbox 764 3615 796 3625; x_wconf 90' lang='lat'>..</span> <span class='ocrx_word' id='word_1_285' title='bbox 821 3575 984 3641; x_wconf 77' lang='lat' dir='ltr'>Eteroceto,</span> <span class='ocrx_word' id='word_1_286' title='bbox 997 3571 1099 3629; x_wconf 71' lang='lat' dir='ltr'>Orac.</span> <span class='ocrx_word' id='word_1_287' title='bbox 1127 3585 1241 3640; x_wconf 65' lang='lat' dir='ltr'>mnam,</span> 
     </span>
     <span class='ocr_line' id='line_1_34' title="bbox 118 3641 1241 3709; baseline 0.002 -15"><span class='ocrx_word' id='word_1_288' title='bbox 118 3641 162 3709; x_wconf 78' lang='grc' dir='ltr'>βγ</span> <span class='ocrx_word' id='word_1_289' title='bbox 177 3647 210 3694; x_wconf 86' lang='lat' dir='ltr'>ad</span> <span class='ocrx_word' id='word_1_290' title='bbox 225 3645 358 3707; x_wconf 88' lang='lat' dir='ltr'>superiora</span> <span class='ocrx_word' id='word_1_291' title='bbox 372 3641 515 3692; x_wconf 82' lang='lat' dir='ltr'>relerentes.</span> <span class='ocrx_word' id='word_1_292' title='bbox 536 3642 588 3703; x_wconf 79' lang='lat' dir='ltr'>Qui</span> <span class='ocrx_word' id='word_1_293' title='bbox 604 3657 664 3692; x_wconf 84' lang='lat' dir='ltr'>vero</span> <span class='ocrx_word' id='word_1_294' title='bbox 682 3643 770 3692; x_wconf 82' lang='lat' dir='ltr'>eadem</span> <span class='ocrx_word' id='word_1_295' title='bbox 782 3659 848 3707; x_wconf 85' lang='lat' dir='ltr'>qnae</span> <span class='ocrx_word' id='word_1_296' title='bbox 858 3645 957 3696; x_wconf 88' lang='lat' dir='ltr'>Plinius</span> <span class='ocrx_word' id='word_1_297' title='bbox 969 3647 1001 3696; x_wconf 86' lang='lat' dir='ltr'>de</span> <span class='ocrx_word' id='word_1_298' title='bbox 1013 3645 1189 3696; x_wconf 79' lang='lat' dir='ltr'>cardiacorum</span> <span class='ocrx_word' id='word_1_299' title='bbox 1200 3660 1241 3696; x_wconf 86' lang='lat' dir='ltr'>cu·</span> 
     </span>
     <span class='ocr_line' id='line_1_35' title="bbox 117 3709 1240 3776; baseline 0.004 -14"><span class='ocrx_word' id='word_1_300' title='bbox 117 3713 216 3762; x_wconf 85' lang='lat' dir='ltr'>ratione</span> <span class='ocrx_word' id='word_1_301' title='bbox 228 3719 338 3772; x_wconf 73' lang='lat' dir='ltr'>nonant,</span> <span class='ocrx_word' id='word_1_302' title='bbox 351 3711 477 3773; x_wconf 75' lang='lat' dir='ltr'>Didymus</span> <span class='ocrx_word' id='word_1_303' title='bbox 488 3711 516 3758; x_wconf 90' lang='lat' dir='ltr'>in</span> <span class='ocrx_word' id='word_1_304' title='bbox 526 3723 635 3773; x_wconf 81' lang='lat' dir='ltr'>geopon.</span> <span class='ocrx_word' id='word_1_305' title='bbox 647 3709 710 3760; x_wconf 85' lang='grc' dir='ltr'>ΧΠ.</span> <span class='ocrx_word' id='word_1_306' title='bbox 724 3717 765 3773; x_wconf 80' lang='grc'>28,</span> <span class='ocrx_word' id='word_1_307' title='bbox 778 3717 801 3762; x_wconf 90' lang='grc'>2.</span> <span class='ocrx_word' id='word_1_308' title='bbox 814 3719 839 3762; x_wconf 87' lang='lat' dir='ltr'>et</span> <span class='ocrx_word' id='word_1_309' title='bbox 850 3712 916 3762; x_wconf 89' lang='lat' dir='ltr'>Plin.</span> <span class='ocrx_word' id='word_1_310' title='bbox 929 3712 1015 3764; x_wconf 79' lang='lat' dir='ltr'>Valet.</span> <span class='ocrx_word' id='word_1_311' title='bbox 1027 3717 1112 3776; x_wconf 80' lang='lat' dir='ltr'>c,11.,</span> <span class='ocrx_word' id='word_1_312' title='bbox 1125 3715 1158 3764; x_wconf 89' lang='lat' dir='ltr'>de</span> <span class='ocrx_word' id='word_1_313' title='bbox 1169 3723 1240 3766; x_wconf 78' lang='lat' dir='ltr'>aceto</span> 
     </span>
     <span class='ocr_line' id='line_1_36' title="bbox 118 3774 1240 3846; baseline 0.001 -16"><span class='ocrx_word' id='word_1_314' title='bbox 118 3780 233 3830; x_wconf 87' lang='lat' dir='ltr'>admixto</span> <span class='ocrx_word' id='word_1_315' title='bbox 245 3781 312 3830; x_wconf 87' lang='lat' dir='ltr'>nihii</span> <span class='ocrx_word' id='word_1_316' title='bbox 324 3777 441 3828; x_wconf 68' lang='lat' dir='ltr'>referunt</span> <span class='ocrx_word' id='word_1_317' title='bbox 461 3817 492 3827; x_wconf 92' lang='lat'>..</span> <span class='ocrx_word' id='word_1_318' title='bbox 516 3774 581 3838; x_wconf 81' lang='lat' dir='ltr'>iaec,</span> <span class='ocrx_word' id='word_1_319' title='bbox 598 3779 642 3826; x_wconf 82' lang='lat' dir='ltr'>ad.</span> <span class='ocrx_word' id='word_1_320' title='bbox 660 3817 692 3828; x_wconf 85' lang='lat'>..</span> <span class='ocrx_word' id='word_1_321' title='bbox 716 3785 740 3826; x_wconf 83' lang='lat' dir='ltr'>et</span> <span class='ocrx_word' id='word_1_322' title='bbox 753 3785 813 3841; x_wconf 80' lang='lat' dir='ltr'>aute</span> <span class='ocrx_word' id='word_1_323' title='bbox 828 3777 931 3845; x_wconf 72' lang='lat' dir='ltr'>podnqr.</span> <span class='ocrx_word' id='word_1_324' title='bbox 948 3795 999 3830; x_wconf 91' lang='lat' dir='ltr'>cm.</span> <span class='ocrx_word' id='word_1_325' title='bbox 1012 3782 1036 3830; x_wconf 86' lang='lat' dir='ltr'>d.</span> <span class='ocrx_word' id='word_1_326' title='bbox 1053 3820 1086 3830; x_wconf 92' lang='grc'>..</span> <span class='ocrx_word' id='word_1_327' title='bbox 1108 3779 1240 3846; x_wconf 65' lang='lat' dir='ltr'>ysaiam</span> 
     </span>
     <span class='ocr_line' id='line_1_37' title="bbox 119 3839 1239 3914; baseline 0.004 -22"><span class='ocrx_word' id='word_1_328' title='bbox 119 3850 142 3899; x_wconf 80' lang='lat' dir='ltr'>d.</span> <span class='ocrx_word' id='word_1_329' title='bbox 163 3886 193 3896; x_wconf 81' lang='grc'>..</span> <span class='ocrx_word' id='word_1_330' title='bbox 212 3846 287 3909; x_wconf 84' lang='lat' dir='ltr'>fluct,</span> <span class='ocrx_word' id='word_1_331' title='bbox 301 3841 350 3895; x_wconf 73' lang='lat' dir='ltr'>Oa.</span> <span class='ocrx_word' id='word_1_332' title='bbox 368 3844 460 3908; x_wconf 83' lang='lat' dir='ltr'>fluant,</span> <span class='ocrx_word' id='word_1_333' title='bbox 477 3846 501 3895; x_wconf 91' lang='lat' dir='ltr'>d.</span> <span class='ocrx_word' id='word_1_334' title='bbox 520 3843 588 3908; x_wconf 83' lang='lat' dir='ltr'>fluit,</span> <span class='ocrx_word' id='word_1_335' title='bbox 600 3840 629 3905; x_wconf 82' lang='grc' dir='ltr'>β.</span> <span class='ocrx_word' id='word_1_336' title='bbox 649 3885 680 3895; x_wconf 91' lang='lat'>..</span> <span class='ocrx_word' id='word_1_337' title='bbox 703 3844 787 3908; x_wconf 83' lang='lat' dir='ltr'>altero,</span> <span class='ocrx_word' id='word_1_338' title='bbox 802 3839 831 3897; x_wconf 83' lang='grc' dir='ltr'>θ.</span> <span class='ocrx_word' id='word_1_339' title='bbox 850 3887 881 3897; x_wconf 82' lang='grc'>-</span> <span class='ocrx_word' id='word_1_340' title='bbox 904 3846 1111 3914; x_wconf 63' lang='grc' dir='ltr'>απῑὴοῑοφνωοηο,</span> <span class='ocrx_word' id='word_1_341' title='bbox 1127 3849 1196 3900; x_wconf 76' lang='lat' dir='ltr'>Pina</span> <span class='ocrx_word' id='word_1_342' title='bbox 1210 3843 1239 3898; x_wconf 73' lang='grc' dir='ltr'>θ.</span> 
     </span>
     <span class='ocr_line' id='line_1_38' title="bbox 118 3909 1239 3979; baseline 0.003 -15"><span class='ocrx_word' id='word_1_343' title='bbox 118 3911 319 3977; x_wconf 73' lang='lat' dir='ltr'>naticlopomeau,</span> <span class='ocrx_word' id='word_1_344' title='bbox 336 3914 389 3965; x_wconf 86' lang='lat' dir='ltr'>Td.</span> <span class='ocrx_word' id='word_1_345' title='bbox 415 3910 672 3977; x_wconf 60' lang='lat' dir='ltr'>cacciaquerrae.</span> <span class='ocrx_word' id='word_1_346' title='bbox 698 3913 883 3979; x_wconf 61' lang='lat' dir='ltr'>malecuncta,</span> <span class='ocrx_word' id='word_1_347' title='bbox 901 3910 931 3976; x_wconf 75' lang='grc' dir='ltr'>β.</span> <span class='ocrx_word' id='word_1_348' title='bbox 954 3956 986 3968; x_wconf 92' lang='grc'>..</span> <span class='ocrx_word' id='word_1_349' title='bbox 1012 3915 1109 3978; x_wconf 74' lang='lat' dir='ltr'>serim,</span> <span class='ocrx_word' id='word_1_350' title='bbox 1130 3909 1179 3969; x_wconf 63' lang='grc' dir='ltr'>θα.</span> <span class='ocrx_word' id='word_1_351' title='bbox 1204 3930 1239 3965; x_wconf 74' lang='lat' dir='ltr'>n·</span> 
     </span>
     <span class='ocr_line' id='line_1_39' title="bbox 117 3982 223 4042; baseline -0.019 -9"><span class='ocrx_word' id='word_1_352' title='bbox 117 3982 187 4042; x_wconf 61' lang='lat' dir='ltr'>aaa,</span> <span class='ocrx_word' id='word_1_353' title='bbox 200 3984 223 4031; x_wconf 87' lang='lat' dir='ltr'>d.</span> 
     </span>
    </p>

    <p class='ocr_par' dir='ltr' id='par_1_6' title="bbox 115 4045 1238 4320">
     <span class='ocr_line' id='line_1_40' title="bbox 150 4045 1238 4114; baseline 0.001 -14"><span class='ocrx_word' id='word_1_354' title='bbox 150 4052 219 4114; x_wconf 70' lang='lat'>§⁷⁸-</span> <span class='ocrx_word' id='word_1_355' title='bbox 239 4046 334 4112; x_wconf 76' lang='lat' dir='ltr'>st&#39;nqula</span> <span class='ocrx_word' id='word_1_356' title='bbox 345 4047 491 4109; x_wconf 69' lang='lat' dir='ltr'>membsad.</span> <span class='ocrx_word' id='word_1_357' title='bbox 515 4045 595 4108; x_wconf 69' lang='lat' dir='ltr'>siaa</span> <span class='ocrx_word' id='word_1_358' title='bbox 614 4088 646 4099; x_wconf 82' lang='lat'>-</span> <span class='ocrx_word' id='word_1_359' title='bbox 668 4046 797 4111; x_wconf 76' lang='lat' dir='ltr'>Dieuches,</span> <span class='ocrx_word' id='word_1_360' title='bbox 807 4064 832 4099; x_wconf 85' lang='lat' dir='ltr'>a.</span> <span class='ocrx_word' id='word_1_361' title='bbox 854 4049 1026 4114; x_wconf 76' lang='lat' dir='ltr'>Diodcs,‘1&#39;d.</span> <span class='ocrx_word' id='word_1_362' title='bbox 1045 4089 1076 4103; x_wconf 93' lang='lat'>..</span> <span class='ocrx_word' id='word_1_363' title='bbox 1097 4046 1238 4101; x_wconf 70' lang='lat' dir='ltr'>occasa</span> 
     </span>
     <span class='ocr_line' id='line_1_41' title="bbox 115 4113 1237 4182; baseline -0.004 -12"><span class='ocrx_word' id='word_1_364' title='bbox 115 4119 319 4171; x_wconf 61' lang='lat' dir='ltr'>malcolm.</span> <span class='ocrx_word' id='word_1_365' title='bbox 339 4156 368 4164; x_wconf 88' lang='lat'><em>-</em></span> <span class='ocrx_word' id='word_1_366' title='bbox 396 4114 556 4176; x_wconf 75' lang='lat' dir='ltr'>celebraverit,</span> <span class='ocrx_word' id='word_1_367' title='bbox 571 4117 618 4166; x_wconf 75' lang='lat' dir='ltr'>ad</span> <span class='ocrx_word' id='word_1_368' title='bbox 644 4115 792 4180; x_wconf 71' lang='lat' dir='ltr'>celebrarint,</span> <span class='ocrx_word' id='word_1_369' title='bbox 807 4113 860 4182; x_wconf 79' lang='grc' dir='ltr'>βγ.</span> <span class='ocrx_word' id='word_1_370' title='bbox 878 4159 910 4170; x_wconf 91' lang='grc'>..</span> <span class='ocrx_word' id='word_1_371' title='bbox 936 4117 1063 4181; x_wconf 56' lang='lat' dir='ltr'>aalma</span> <span class='ocrx_word' id='word_1_372' title='bbox 1090 4114 1187 4178; x_wconf 66' lang='lat' dir='ltr'>aaran</span> <span class='ocrx_word' id='word_1_373' title='bbox 1205 4154 1237 4166; x_wconf 89' lang='lat'>-</span> 
     </span>
     <span class='ocr_line' id='line_1_42' title="bbox 116 4181 1237 4253; baseline 0 -17"><span class='ocrx_word' id='word_1_374' title='bbox 116 4191 280 4253; x_wconf 73' lang='lat' dir='ltr'>mpncacatar,</span> <span class='ocrx_word' id='word_1_375' title='bbox 296 4183 348 4234; x_wconf 75' lang='lat' dir='ltr'>Tu.</span> <span class='ocrx_word' id='word_1_376' title='bbox 366 4222 397 4234; x_wconf 84' lang='lat'>..</span> <span class='ocrx_word' id='word_1_377' title='bbox 421 4182 546 4234; x_wconf 68' lang='lat' dir='ltr'>Remum</span> <span class='ocrx_word' id='word_1_378' title='bbox 558 4181 667 4248; x_wconf 75' lang='lat' dir='ltr'>populus,</span> <span class='ocrx_word' id='word_1_379' title='bbox 685 4186 818 4237; x_wconf 79' lang='lat' dir='ltr'>omitted</span> <span class='ocrx_word' id='word_1_380' title='bbox 834 4183 874 4248; x_wconf 88' lang='lat' dir='ltr'>(et</span> <span class='ocrx_word' id='word_1_381' title='bbox 890 4201 978 4237; x_wconf 86' lang='lat' dir='ltr'>omnes</span> <span class='ocrx_word' id='word_1_382' title='bbox 989 4187 1063 4236; x_wconf 83' lang='lat' dir='ltr'>cedd.</span> <span class='ocrx_word' id='word_1_383' title='bbox 1076 4181 1175 4247; x_wconf 52' lang='lat' dir='ltr'>aar.)</span> <span class='ocrx_word' id='word_1_384' title='bbox 1192 4184 1237 4236; x_wconf 73' lang='lat' dir='ltr'>aad</span> 
     </span>
     <span class='ocr_line' id='line_1_43' title="bbox 115 4251 664 4320; baseline -0.011 -13"><span class='ocrx_word' id='word_1_385' title='bbox 115 4253 235 4320; x_wconf 82' lang='lat' dir='ltr'>agnoseit</span> <span class='ocrx_word' id='word_1_386' title='bbox 246 4253 310 4308; x_wconf 80' lang='lat' dir='ltr'>haec</span> <span class='ocrx_word' id='word_1_387' title='bbox 321 4251 398 4303; x_wconf 85' lang='lat' dir='ltr'>verba</span> <span class='ocrx_word' id='word_1_388' title='bbox 409 4251 476 4304; x_wconf 90' lang='lat' dir='ltr'>Plin.</span> <span class='ocrx_word' id='word_1_389' title='bbox 488 4253 573 4303; x_wconf 87' lang='lat' dir='ltr'>Valsr.</span> <span class='ocrx_word' id='word_1_390' title='bbox 588 4258 611 4315; x_wconf 83' lang='lat'>4,</span> <span class='ocrx_word' id='word_1_391' title='bbox 624 4255 664 4302; x_wconf 80' lang='grc'>22.</span> 
     </span>
    </p>
   </div>
   <div class='ocr_carea' id='block_1_4' title="bbox 0 0 1382 4726">
    <p class='ocr_par' dir='ltr' id='par_1_7' title="bbox 0 0 1382 4726">
     <span class='ocr_line' id='line_1_44' title="bbox 0 0 1382 4726; baseline 0 0"><span class='ocrx_word' id='word_1_392' title='bbox 0 0 1382 4726; x_wconf 95' lang='lat' dir='ltr'> </span> 
     </span>
    </p>
   </div>
  </div>
 </body>
</html>
