2754 4726
392 301 461 347 mn.
478 300 539 347 xx.
572 299 650 347 cae.
666 300 716 346 1x.
745 296 844 347 sacr.
859 298 943 345 arms.
1160 283 1223 348 313

104 463 137 518 et
152 450 311 517 vstomachi
332 450 424 530 vitia,
447 474 520 516 cum
540 459 631 516 rutae
655 448 774 515 semine
796 449 838 515 ad
851 449 1025 516 secundas.
1059 448 1102 514 Et
1124 449 1223 514 muris

104 552 212 618 aranei
252 575 378 619 morsus
418 552 567 618 foliorum
609 550 772 616 aridorum
807 551 910 616 farina
946 552 1096 616 alterutra
1134 559 1224 636 parte

103 652 255 719 exinanit.

145 756 198 820 35.
221 754 275 819 Ex
296 754 444 821 omnibus
467 754 628 820 brassicae
650 751 823 840 generibus
846 750 1036 817 suavissima
1058 761 1108 816 est
1122 773 1224 835 cyma,
1239 742 1284 813 oo'

104 856 164 921 etsi
184 855 305 921 inutilis
327 856 471 934 habetur,
495 855 635 922 difficilis
656 855 691 920 in
712 853 876 939 coquendo
899 863 930 918 et
950 852 1080 917 renibus
1102 860 1226 917 contra·

104 957 162 1021 ria.
199 956 285 1022 Illud
306 979 433 1041 quoquc
455 980 519 1022 non
540 967 590 1023 est
610 955 832 1034 omittendum,
866 976 982 1039 aquam
1011 953 1157 1018 decoctae
1186 951 1228 1016 ad

104 1067 152 1122 tot
172 1080 252 1123 usus
272 1059 434 1124 laudatam
456 1059 577 1123 faetere
597 1057 687 1122 humi
709 1057 855 1123 effusam.
890 1053 1049 1140 Stirpium
1070 1051 1228 1118 brassicae

104 1158 267 1224 aridorum
288 1160 368 1224 cinis
390 1159 472 1224 inter
494 1158 634 1225 caustica
654 1157 865 1244 intellegitur3
887 1155 929 1220 ad
944 1153 1152 1221 coxendicum
1169 1151 1227 1218 do·

103 1259 188 1325 lores
217 1283 290 1325 cum
315 1261 412 1346 adipe
439 1270 578 1337 vetusto,
608 1269 642 1323 at
667 1281 740 1324 cum
768 1260 871 1324 lasere
898 1266 930 1322 et
958 1266 1049 1321 aceto
1069 1254 1104 1319 in
1126 1252 1227 1318 vicem

104 1359 228 1446 psilotri
256 1361 374 1428 evolsis
401 1361 512 1428 inlitus
540 1361 615 1447 pilis
642 1361 730 1426 nasci
752 1361 830 1425 alios
852 1357 1012 1445 prohibet.
1048 1355 1175 1420 Bibitur
1197 1362 1271 1418 etol

104 1482 179 1525 cum
209 1462 278 1528 oleo
299 1462 566 1529 'subfervefactus
592 1463 644 1527 vel
670 1484 729 1548 per
758 1484 793 1527 se
819 1460 924 1526 elixus
951 1459 994 1524 ad
1020 1458 1170 1524 convolsa
1197 1465 1229 1520 et

104 1572 201 1647 rupta
221 1563 307 1630 intus
328 1566 485 1650 lapsoque
507 1586 548 1630 ex
569 1564 643 1628 alto.
670 1562 769 1629 Nulla
790 1585 868 1649 crgo
889 1570 964 1627 sunt
984 1559 1117 1624 crimina
1136 1557 1242 1643 bras-p

105 1662 212 1729 sicae?
247 1665 349 1730 Immo
377 1689 454 1731 vero
481 1665 568 1752 apud
597 1663 727 1730 eosdem
749 1663 875 1729 animae
897 1660 1088 1749 gravitatem
1110 1659 1229 1735 iacere,

105 1763 256 1831 dentibus
285 1777 317 1831 et
342 1767 485 1854 gingivis
512 1788 648 1842 nocere3
676 1775 708 1831 et
728 1765 762 1830 in
783 1766 939 1852 Aegypto
961 1771 1091 1850 propter
1112 1759 1229 1824 amari·

105 1867 250 1932 tudinem
271 1890 335 1931 non
357 1877 454 1932 estur.

150 1967 201 2032 36.
234 1965 401 2034 Silvestris
428 1968 497 2034 sive
527 1968 679 2032 erraticae
705 1967 850 2033 inmenso
872 1965 946 2051 plus
967 1966 1101 2031 effectus
1121 1961 1230 2028 laudat
1243 1977 1276 2022 aa

107 2066 201 2146 Cato,
225 2069 307 2135 adeo
328 2080 365 2135 ut
386 2069 495 2135 aridae
517 2089 645 2153 quoquc
665 2069 800 2134 farinam
818 2067 851 2133 in
866 2066 1051 2134 olefactorio
1065 2056 1256 2131 collectam

106 2173 158 2236 vel
178 2171 276 2237 odore
297 2182 421 2238 tantum
441 2171 575 2237 naribus
596 2180 688 2257 rapto
703 2171 782 2237 vitia
796 2192 905 2236 earum
920 2165 1231 2256 graveolentiamque

107 2295 218 2338 sanare
245 2273 402 2339 adfirmet.
439 2271 536 2338 Hanc
557 2272 612 2338 alii
633 2283 797 2359 petraeam
819 2260 950 2348 ¹vocant,
977 2266 1246 2334 inimicissimam·

88 2374 198 2453 ,vino,
220 2396 317 2459 quam
338 2373 512 2461 praecipue
534 2374 609 2439 vitis
631 2374 736 2460 fugiat
757 2383 824 2452 aut,
846 2373 874 2439 si
895 2395 959 2437 non
980 2370 1084 2458 possit
1105 2369 1230 2454 fugere,

107 2476 268 2541 moriatur.
290 2475 385 2541 Folia
399 2475 497 2540 habet
510 2497 587 2553 una,
609 2474 756 2552 rotunda,
779 2497 890 2559 parva,
913 2473 1008 2552 levia,
1030 2470 1147 2558 plantis
1162 2468 1229 2533 cle·
1243 2480 1276 2528 ⁹3

107 2578 152 2642 ris
176 2577 319 2653 similior,
343 2575 510 2640 candidior
532 2575 635 2640 sativa
656 2585 691 2639 et
710 2573 873 2640 hirsutior.
897 2573 994 2638 Hanc
1013 2569 1230 2637 inflationibus

105 2679 247 2757 mederi,
277 2675 513 2741 melancholicis
534 2696 661 2760 quoque
683 2697 720 2740 ac
742 2674 926 2741 volneribus
948 2672 1133 2739 recentibus
1155 2692 1228 2737 cum

106 2780 201 2844 melle
223 2779 269 2843 ita
289 2800 331 2843 ne
354 2778 519 2843 solvantur
541 2786 615 2842 ante
637 2776 722 2842 diem
744 2786 943 2862 septumum,
967 2773 1114 2852 strumis,
1136 2772 1229 2837 fistu-

107 2882 146 2947 lis
168 2882 202 2946 in
224 2902 308 2964 aqua
330 2880 499 2945 contritam
522 2876 708 2964 Chrysippo
730 2888 877 2956 auctore;
905 2886 937 2941 et
964 2875 1018 2940 alii
1044 2897 1123 2941 vero
1152 2896 1229 2939 con·

107 3005 240 3068 pescere
267 2982 352 3046 mala
380 2981 523 3067 corporis
550 3002 633 3064 quae
662 2989 809 3066 serpant,
837 3033 877 3042 -.
900 2999 1012 3043 nomas
1032 2984 1165 3053 vocant,
1188 3027 1230 3038 ..

107 3083 185 3148 item
213 3083 432 3149 excrescentia·
450 3081 633 3160 absumere,
663 3080 828 3147 cicatrices
849 3079 892 3143 ad
912 3079 1043 3165 planum
1064 3076 1228 3162 redigere;
1291 3099 1292 3102 ¹

108 3255 165 3304 trita
180 3256 223 3317 ait,
240 3272 305 3320 quae
322 3271 374 3306 vox
391 3254 510 3315 facillime
528 3255 669 3305 oblitterari
685 3254 770 3319 potnit
785 3267 830 3318 per
844 3252 941 3303 litteras
957 3268 975 3301 a
985 3261 1011 3302 et
1022 3251 1048 3312 ir,
1065 3265 1172 3314 quarum
1184 3250 1231 3300 illa

83 3333 91 3339 “
107 3326 300 3388 praecedentem
315 3338 412 3384 vocem,
430 3324 493 3372 haec
511 3329 658 3386 sequentem
675 3321 772 3386 incipit.
796 3361 826 3371 ..
850 3318 957 3382 ardores,
971 3322 995 3370 d.
1022 3361 1053 3369 ..
1077 3325 1100 3366 ct
1113 3314 1231 3367 sutrachi

107 3391 167 3439 vitio
182 3406 233 3440 cam
249 3399 325 3452 rutae,
342 3407 365 3440 a.
392 3405 444 3438 cum
459 3387 579 3438 stomacho
594 3390 646 3440 iure
659 3405 754 3451 venera,
766 3390 790 3438 d.
817 3395 839 3437 et
849 3387 966 3438 stomachi
975 3387 1035 3437 vitia
1046 3403 1096 3440 cum
1109 3393 1182 3448 aceto,
1194 3385 1228 3435 Κ.

108 3499 139 3508 ..
158 3456 193 3506 ad
205 3457 327 3518 secundm,
344 3459 418 3507 Kad.
445 3464 467 3504 et
482 3455 518 3506 ad
531 3455 654 3520 secandas,
670 3452 721 3522 βγ.
748 3456 824 3508 Illam
840 3456 977 3506 lectionem
992 3456 1084 3520 recepi,
1100 3455 1230 3518 interpun-

107 3527 191 3577 ctione
202 3527 228 3576 in
240 3527 372 3576 nonnullis
384 3531 489 3575 mutata.
509 3565 540 3574 ..
559 3523 632 3573 altius
644 3532 754 3574 tumentes
762 3531 858 3588 partas,
869 3524 902 3574 K.

140 3612 208 3674 §90.
234 3609 373 3674 cymacui,
389 3611 494 3659 Barbar.
520 3607 642 3672 quimaet,
655 3610 679 3658 d.
706 3606 835 3671 quincta.
855 3648 886 3657 ..
913 3605 1125 3669 humisoctere,'d.
1144 3604 1231 3666 socero

106 3677 178 3740 humi,
196 3695 218 3727 a.
238 3719 269 3726 ..
288 3684 386 3738 vetusto,
404 3672 503 3726 Grau.
517 3670 701 3740 punctuated.
720 3715 751 3725 ..
770 3682 804 3737 at,
822 3692 844 3726 a.
870 3690 907 3736 cc,
921 3669 971 3724 Od.
992 3689 1026 3721 ..·
1041 3670 1067 3720 in
1083 3671 1167 3733 nicam
1184 3685 1230 3734 pro
1260 3675 1263 3681 “

106 3747 148 3796 his
160 3761 198 3794 vr.
211 3746 308 3794 habent
324 3742 386 3792 inter
397 3746 441 3794 ad.
460 3784 491 3793 ..
514 3741 614 3808 psilotro
625 3740 705 3804 vabre,
717 3743 762 3792 ad.

141 3835 208 3896 §aa
231 3839 310 3896 rupta,
322 3847 346 3881 a.
365 3839 428 3892 rota,
441 3833 464 3880 d.
486 3871 514 3880 ..
535 3829 654 3893 lapsoque,
666 3831 709 3879 ad.
728 3826 873 3892 lapsumque,
884 3822 935 3890 βγ.
956 3866 986 3875 ..
1005 3833 1047 3887 ert,
1059 3826 1104 3874 ad.
1122 3822 1168 3885 cdi,
1180 3823 1213 3874 K

141 3918 209 3979 §aa
236 3916 353 3975 ennaea,
368 3932 390 3965 a.
411 3955 441 3965 -
472 3911 531 3964 Gan
549 3915 580 3964 de
596 3913 824 3973 ratramnum.
842 3951 874 3961 ..
902 3907 1026 3974 etfama
1041 3906 1143 3970 albeta
1156 3910 1180 3958 d.
1199 3948 1230 3960 ..

106 3984 184 4046 rapto,
196 3999 211 4031 a
223 3980 308 4044 (codd.
321 3981 446 4045 Barbari).
465 3991 529 4044 nato,
543 3984 568 4032 d.
588 4023 618 4032 -
637 3995 732 4041 sonore,
745 3981 820 4029 codd.
832 3979 947 4029 Barbari.
967 3976 1059 4038 samri,
1071 3977 1117 4026 ad.
1134 4015 1165 4026 ..
1185 3974 1230 4026 od-

98 4052 206 4113 firmcnt‚
220 4053 243 4099 d.
263 4050 404 4113 adfirmant,
416 4066 439 4100 a.
458 4091 488 4101 ..
507 4057 634 4114 pateream,
646 4051 670 4099 d.
689 4089 720 4098 ..
740 4062 820 4110 quom,
833 4048 858 4096 d.
874 4045 941 4109 qum,
953 4062 976 4096 a.

141 4133 209 4193 §93.
236 4133 329 4194 habent,
342 4136 373 4184 T.
394 4175 424 4182 -
448 4150 504 4196 una,
517 4151 540 4185 a.
565 4133 627 4193 bino,
640 4127 719 4193 Τᾶβ.
741 4173 770 4180 ..
790 4127 989 4194 rotandnparca,
1002 4129 1075 4180 Tad.
1092 4143 1231 4191 parva,rc·

108 4200 190 4263 tanda,
202 4197 254 4267 βγ.
273 4243 303 4252 ..
327 4200 440 4262 solvatur,
453 4203 477 4250 d.
496 4241 528 4253 ..
551 4217 647 4265 aquam,
660 4203 704 4251 ad.
725 4241 755 4249 ..
781 4195 913 4264 Chrysippo
923 4204 1025 4259 avenn,
1037 4212 1060 4247 a.
1087 4193 1232 4261 Chrysippus

106 4277 189 4318 auctor
201 4277 241 4330 ast,
254 4271 269 4320 d
276 4264 326 4334 βγ.
348 4309 378 4318 ..
397 4276 419 4316 et
431 4267 477 4317 alii
488 4284 550 4331 vcro,
562 4272 600 4326 ad
611 4266 696 4332 (codd.
709 4263 779 4330 ool.)
797 4274 820 4317 ct
831 4264 884 4330 alti,
895 4267 927 4318 Τ.
988 4335 989 4338 Ἴ
1059 4314 1060 4317 ,
