2754 4726
130 123 185 188 184
471 138 673 185 ursnaanls
696 138 890 185 rusiorum

121 312 238 376 operae
260 289 374 375 cuique
396 289 507 378 generi
528 288 562 354 in
583 288 696 377 iugero
719 287 885 354 sufficient.
909 285 1088 354 sarculatio
1106 290 1239 355 indura·

122 402 188 456 tam
213 390 345 457 hiberno
373 391 480 477 rigore
516 389 573 455 soli
601 389 761 455 tristitiam
792 391 881 454 laxat
909 388 1107 474 temporibus
1132 389 1241 454 vernis

122 512 285 575 novosque
306 492 391 558 soles
413 490 562 555 admittit.
599 488 665 572 Qui
687 490 784 556 sariet
816 500 928 556 caveat
955 512 995 555 ne
1016 488 1165 556 frumenti
1186 511 1240 554 ra-

122 593 211 659 dices
224 591 386 658 subfodiat
393 615 402 668 3
426 592 581 669 triticum,
604 613 728 670 semen,
751 591 920 670 hordeum,
942 591 1048 657 fabam
1068 590 1119 656 bis
1141 591 1242 656 sarire

121 693 247 760 melius.
276 693 452 770 Runcatio,
480 715 554 757 cum
575 715 669 779 seges
690 693 725 757 in
746 693 878 758 articulo
900 715 970 758 esse
991 693 1129 777 incepit,
1152 693 1303 758 evol-185

122 794 167 860 sis
192 794 360 860 inutilibus
388 793 512 873 herbis,
549 794 679 880 frugum
711 793 836 859 radices
868 793 1010 859 vindicat
1036 804 1241 880 segetemque

121 894 272 962 discernit
295 918 315 960 a
335 895 483 982 caespite.
518 894 736 983 Leguminum
762 895 847 960 cicer
874 895 987 960 eadem
1008 916 1089 978 quae
1111 895 1161 959 far
1183 894 1240 959 de-

124 995 254 1061 siderat.
286 994 379 1060 Faba
404 995 533 1060 runcari
561 1017 624 1060 non
647 995 762 1083 gestit,
790 994 941 1079 quoniam
970 995 1088 1060 evincit
1108 995 1241 1072 herbas3

121 1097 269 1183 lupinum
283 1107 413 1162 occatur
428 1107 569 1174 tantum3
593 1095 716 1161 milium
737 1106 768 1161 et
789 1096 939 1179 panicum
954 1107 1084 1162 occatur
1105 1108 1138 1163 et
1160 1096 1241 1162 sari·

123 1211 193 1279 tur,
215 1220 281 1264 non
302 1198 450 1275 iteratur,
472 1220 537 1262 non
559 1208 731 1273 runcatur;
759 1196 860 1262 silicia
882 1207 914 1262 et
934 1196 1070 1283 phasioli
1091 1207 1243 1264 occantur

123 1310 256 1366 tantum.
286 1298 371 1365 Sunt
392 1322 513 1386 genera
534 1309 637 1363 terrae
660 1320 795 1383 quorum
817 1298 947 1364 ubertas
969 1298 1126 1384 pectinari
1148 1321 1241 1385 sege·
1256 1315 1305 1361 leo

123 1413 189 1468 tem
216 1401 251 1466 in
279 1400 378 1466 herba
404 1410 514 1489 cogat,
543 1456 582 1464 -
612 1400 707 1465 cratis
730 1410 762 1466 et
782 1399 842 1465 hoc
863 1422 968 1487 genus
989 1400 1138 1467 dentatae
1161 1400 1242 1466 stilis

122 1502 246 1581 ferreis,
258 1555 299 1567 -
309 1502 485 1586 eademque
495 1501 701 1566 nihilominus
713 1511 745 1565 et
759 1500 986 1585 depascuntur.
996 1499 1097 1583 ·Quae
1108 1501 1244 1586 depasta

123 1612 198 1667 sunt
230 1603 355 1668 sarculo
384 1603 501 1668 iterum
536 1601 669 1667 excitari
700 1602 927 1667 necessarium.
968 1602 1016 1667 At
1039 1603 1074 1667 in
1101 1602 1241 1681 Bactris,

122 1702 252 1783 Africa,
287 1700 425 1789 Cyrenis
459 1703 565 1769 omnia
594 1703 674 1768 haec
707 1726 906 1789 supervacua
938 1704 1016 1769 fecit
1041 1704 1244 1790 indulgentia

125 1804 204 1870 caeli
233 1816 264 1870 et
290 1827 310 1869 a
338 1814 481 1871 semente
502 1828 567 1870 non
587 1804 650 1869 nisi
671 1805 829 1871 messibus
850 1804 884 1869 in
906 1827 983 1870 arva
998 1804 1145 1883 redeunt,
1166 1805 1245 1890 quia

124 1903 251 1971 siccitas
277 1915 402 1971 coercet
428 1905 559 1983 herbas,
588 1905 698 1992 fruges
724 1916 880 1970 nocturno
902 1916 1024 1970 tantum
1044 1928 1118 1972 rore
1138 1905 1243 1970 nutri-

123 2028 191 2072 ens.
215 2005 381 2093 Vergilius
404 2005 534 2069 alternis
555 2027 681 2071 cessare
703 2028 780 2070 arva
801 2007 931 2096 suadet3
954 2007 980 2072 si
1002 2007 1166 2093 patiantur
1186 2030 1243 2073 ru·
1260 2023 1307 2069 lat

122 2107 168 2172 ris
187 2108 301 2192 spatia,
323 2105 528 2171 utilissimum
549 2108 662 2191 procul
683 2107 781 2172 dubio
803 2118 852 2173 est
859 2134 869 2186 3
892 2108 979 2192 quod
1000 2108 1028 2173 si
1047 2119 1144 2194 neget
1166 2123 1244 2175 con·

123 2207 206 2273 dicio
211 2255 221 2286 ,
243 2207 296 2272 far
317 2208 504 2285 serendum,
527 2207 614 2272 unde
631 2208 778 2294 lupinum
793 2219 850 2274 aut
864 2209 946 2275 vicia
960 2219 1016 2274 aut
1028 2208 1103 2275 laba
1118 2209 1245 2276 sublata

123 2308 188 2374 sint
207 2330 290 2393 quae
313 2320 429 2373 terram
451 2309 574 2373 faciunt
594 2309 770 2375 laetiorem.
791 2309 831 2374 In
852 2310 1028 2396 primisque
1050 2321 1083 2376 et
1102 2311 1164 2378 hoc
1184 2334 1245 2377 no-

122 2409 264 2488 tandum,
292 2410 449 2493 quaedam
475 2421 608 2497 propter
636 2410 698 2475 alia
720 2411 782 2476 seri
804 2409 917 2488 obiter,
944 2412 1004 2476 etsi
1029 2434 1144 2497 parum
1164 2434 1244 2498 pro-

122 2509 231 2576 venire
252 2511 353 2596 priori
374 2511 514 2577 diximus
535 2511 711 2589 volumine,
733 2535 774 2577 ne
795 2512 907 2577 eadem
928 2511 1056 2599 saepius
1079 2513 1244 2590 dicantur3

122 2612 305 2698 pluruinum
327 2613 412 2677 enim
434 2614 533 2679 refert
556 2613 614 2678 soli
636 2613 789 2697 cuiusque
809 2613 900 2678 ratio.

164 2712 284 2778 XXII.
314 2715 364 2778 51.
395 2712 520 2779 Civitas
543 2712 673 2779 Africae
700 2713 734 2777 in
760 2713 873 2778 mediis
893 2713 1037 2793 harenis,
1058 2713 1245 2799 petentibus
1261 2727 1308 2774 188

126 2811 235 2899 Syrtis
261 2813 457 2900 Leptimque
489 2837 653 2900 magnam,
688 2824 820 2880 vocatur
846 2813 991 2901 Tacape,
1024 2814 1110 2881 felici
1146 2837 1245 2901 super

158 3024 243 3084 §lae
270 3021 342 3084 operi,
355 3025 378 3072 d.
398 3065 428 3073 -
453 3023 654 3088 teperthns,Pint.
674 3064 704 3072 ..
728 3022 843 3084 seriata.
865 3020 935 3082 serit,
948 3023 971 3070 d.
992 3062 1022 3070 -
1041 3019 1154 3083 radicem,
1167 3022 1192 3070 d.
1211 3062 1244 3070 .-

124 3102 200 3136 sem'ea
211 3086 329 3147 hordeum,
341 3090 386 3138 ad,
405 3089 515 3140 hordeum
526 3107 610 3152 semen,
621 3086 673 3154 βγ.

158 3157 243 3218 §leta
264 3158 373 3218 sepead.
391 3165 499 3217 reatae„
522 3197 548 3205 -
573 3155 877 3219 esaeineepit,evoleh,ita
887 3170 935 3205 nos
948 3155 1099 3219 scripsimus.
1123 3153 1245 3204 mamot-

124 3221 165 3282 εἰς,
177 3222 221 3270 ad.
240 3229 282 3335 ebat3
293 3219 385 3281 ceulam,
396 3217 492 3334 ssrbl..
510 3222 611 3284 radicer,
626 3217 727 3273 OTad.
744 3223 857 3285 radicem,
868 3218 897 3284 β.
917 3263 949 3272 ..
958 3223 1016 3286 sar,
1028 3237 1052 3272 a.
1061 3222 1136 3300 feda,
1146 3222 1200 3336 Tg.
1211 3262 1244 3271 ..

121 3295 241 3421 {lida
253 3295 499 3416 allidat
519 3285 1245 3419 milittt''t.⁰⁶t²t'aft.·aiitfftltlt1³25:

123 3425 178 3475 bari
189 3425 342 3474 coniectura
359 3420 454 3484 siliqua,
467 3423 555 3472 Dalec.
575 3464 606 3471 ..
616 3421 714 3485 fasioli,
726 3439 748 3473 a.
759 3423 867 3486 fmeiolt‘,
879 3427 903 3474 d.

158 3493 244 3556 5186.
272 3490 434 3554 commod.
453 3485 624 3552 quaramssr.
644 3531 675 3539 -
692 3492 811 3554 pretias,
831 3533 862 3541 -
884 3490 1018 3554 eademque,
1033 3484 1134 3540 Orac.
1153 3489 1245 3551 cadem,

124 3553 154 3619 β.
173 3599 205 3608 ..
225 3555 330 3624 (lyrense,
345 3551 421 3607 OTa
442 3553 539 3621 Cyrene,
551 3554 623 3620 dssr.
643 3597 673 3606 -
692 3559 852 3622 superisque,
864 3575 887 3608 a
905 3559 986 3623 superi
995 3574 1067 3622 aqua,
1079 3560 1103 3607 d.
1123 3598 1155 3607 ..
1174 3558 1246 3607 terrie

118 3624 221 3688 fceitr.
239 3666 270 3677 .,,
294 3625 513 3685 asemeate,Tad.
534 3620 681 3685 armentali.
701 3667 732 3675 ..
756 3627 875 3688 armabas,
889 3627 942 3677 Td.
964 3624 1087 3686 mensibus,
1102 3618 1153 3675 Oa.
1177 3625 1246 3674 coare

125 3689 287 3755 menamst.
311 3730 342 3742 ..
368 3693 698 3757 arvo,Hard.coll.§169.
724 3710 792 3756 aree,
804 3696 828 3744 d.
854 3710 945 3756 aream,
962 3689 1061 3757 Tafir.
1085 3733 1116 3742 ..
1144 3700 1245 3754 tonare,

26 3779 33 3785 ·
123 3758 192 3811 Pina
212 3768 302 3820 tecam,
314 3761 387 3811 Tau.
406 3766 489 3821 acas,
500 3756 550 3824 βγ,

157 3828 243 3890 5187.
276 3825 491 3942 Verqiliuepeorg.
506 3833 528 3889 l,
543 3833 581 3879 71.
601 3869 631 3878 ..
649 3827 740 3891 suadet,
753 3832 840 3880 Tadr.
858 3827 955 3892 aaadet;
968 3827 1052 3888 etheo,
1063 3823 1115 3891 βγ.
1135 3869 1166 3877 -
1184 3827 1247 3889 nai,

122 3908 146 3942 a.
166 3932 197 3944 -
220 3892 345 3956 audead.
366 3910 398 3943 aa
415 3890 530 3960 ecastr.
550 3937 580 3946 ..
605 3896 671 3957 vitia,
684 3913 706 3947 a.
729 3937 754 3945 -
781 3911 850 3960 quae,
862 3896 897 3945 ita
908 3912 955 3947 nos
967 3896 1122 3960 scripsimus.
1140 3902 1164 3943 et
1175 3911 1245 3958 qaae,

122 3956 217 4026 αᾱβγ.
235 3963 296 4028 lpsa
305 3963 431 4027 lupinum,
444 3963 516 4024 vicia,
528 3962 588 4014 laba
598 3972 658 4015 sunt
669 3980 706 4025 ea,
720 3979 784 4027 quae
797 3971 887 4013 terram
899 3965 1031 4014 laetiorem
1043 3963 1148 4023 iaciunt,
1162 3977 1247 4026 neque

120 4025 187 4077 haec
198 4040 258 4081 sunt
269 4031 302 4082 ab
314 4031 366 4081 illis
377 4031 486 4094 diversa3
499 4039 629 4095 praeterea
637 4033 766 4082 diversitas
776 4034 909 4082 modorum
919 4032 1121 4082 emendationem
1130 4039 1247 4081 nostram

119 4099 293 4155 commendat,
319 4139 345 4148 -
366 4097 472 4161 facium,
485 4099 557 4151 Tad.
575 4094 723 4162 faciantfl.
749 4141 778 4148 -
805 4098 856 4160 etsi,
869 4100 905 4149 ita
916 4113 964 4150 nos
977 4100 1129 4164 scripsimus.
1156 4097 1186 4159 oi,
1199 4101 1245 4149 ad.
