2754 4726
401 292 575 343 v.1u.xv11.
604 296 681 342 car.
698 298 799 343 xxul.
829 297 976 344 saona.
1039 348 1042 357 ,
1189 282 1243 345 121

125 447 180 512 Ex
194 445 247 510 his
262 444 370 510 emissi
385 444 534 531 palmites
549 468 706 532 proxumo
721 468 802 511 anno
817 446 889 512 imis
908 447 1095 533 ingerantur
1110 450 1248 515 scamnis
1262 467 1312 514 sos

124 570 165 614 ac
186 569 246 632 per
267 545 412 632 singulos
435 569 536 611 annos
559 547 600 611 ad
623 549 789 634 superiora
812 549 975 627 scandant,
997 550 1107 615 relicto
1124 572 1250 636 semper

123 648 315 713 duramento
336 647 371 710 in
394 647 531 735 singulis
554 649 705 714 tabulatis
728 659 759 713 et
782 648 948 714 emissario
972 673 1037 716 nno
1058 652 1119 735 qui·
1135 651 1249 717 subeat

123 771 231 833 usque
251 770 315 832 quo
337 748 506 834 placuerit.
528 749 580 814 De
603 761 709 817 cetero
729 751 896 836 putatione
919 751 1004 814 omni
1025 751 1152 837 flagella
1166 773 1247 835 quae

122 872 283 935 proxume
311 851 454 914 tulerunt
482 851 673 928 recidantur,
703 874 785 916 nova
810 851 1007 917 circumcisis
1029 851 1170 936 undique
1192 875 1246 918 ea·

121 950 247 1036 preclis
276 961 472 1035 spargantur
499 951 532 1015 in
561 952 720 1018 tabulatis.
758 951 941 1018 Vernacula
969 953 1095 1038 putatio
1117 953 1248 1019 deiectis

121 1048 186 1137 per
211 1073 317 1117 ramos
344 1051 459 1116 vitium
486 1052 628 1118 crinibus
656 1054 875 1118 circumvestit
907 1052 1054 1119 arborem
1071 1054 1248 1139 ’crinisque

121 1154 214 1240 ipsos
235 1144 318 1229 uvis,
351 1149 478 1217 Gallica
499 1153 532 1216 in
554 1154 704 1218 traduces
725 1154 912 1240 porrigitur,
937 1155 1093 1221 Aemiliae
1121 1157 1192 1221 vias
1212 1155 1247 1220 in

120 1253 243 1319 ridicas
264 1252 435 1317 atiniarum
456 1253 590 1332 ambitu,
613 1254 760 1319 frondem
782 1277 891 1320 earum
913 1257 1053 1344 fugiens.
1079 1255 1143 1322 Est
1165 1279 1245 1340 quo·
1260 1274 1311 1319 aaa

111 1354 263 1436 ¹rundam
283 1353 435 1439 inperitia
457 1352 517 1418 sub
539 1375 628 1418 ramo
651 1355 748 1419 vitem
768 1356 896 1422 vinculo
920 1358 1148 1442 suspendendi,
1176 1358 1246 1423 suf·

122 1452 407 1530 iocante,iniuria;
431 1453 587 1519 contineri
611 1455 707 1520 debet
728 1457 857 1534 vimine,
881 1481 944 1522 non
965 1459 1081 1536 artari;
1103 1514 1145 1523 .-
1169 1461 1247 1545 quin

121 1555 222 1620 immo
246 1555 343 1620 etiam
367 1553 485 1639 quibus
513 1555 627 1620 salices
651 1568 835 1642 supersunt,
865 1558 1008 1623 molliore
1033 1560 1094 1625 hoc
1119 1562 1248 1626 vinculo

124 1655 233 1720 facere
254 1657 377 1721 malunt
397 1654 572 1742 herbaque,
595 1654 698 1722 Siculi
721 1680 818 1741 quam
839 1672 954 1725 vocant
975 1661 1246 1745 ampelodesmon,

124 1753 265 1821 Graecia
285 1778 361 1822 vero
382 1756 533 1823 universa
555 1759 660 1837 iunco,
683 1781 812 1844 cypero,
835 1760 910 1824 ulva
917 1785 926 1838 3
948 1815 987 1825 ..
1010 1760 1145 1826 liberata
1165 1783 1246 1845 quo·

124 1878 190 1939 que
218 1856 346 1923 vinculo
373 1880 432 1944 per
461 1858 585 1941 aliquot
606 1859 676 1924 dies
697 1861 808 1947 vagari
830 1873 862 1925 et
882 1862 1044 1926 incondita
1066 1863 1176 1947 spargi
1197 1873 1247 1926 at-

122 1979 190 2040 que
210 1958 244 2022 in
265 1967 350 2023 terra
371 1979 468 2042 quam
489 1981 548 2044 per
571 1968 673 2025 totum
695 1982 815 2024 annum
837 1962 1031 2045 spectaverit
1051 1962 1247 2027 recumbere.

121 2056 273 2141 Namque
293 2069 331 2123 nt
351 2060 495 2124 veterius
516 2083 536 2124 a
556 2061 635 2146 iugo
657 2073 689 2125 et
711 2082 807 2125 canes
829 2083 960 2125 acursu
979 2061 1131 2126 volutatio
1146 2063 1245 2140 iuvat,
1260 2075 1309 2121 210

123 2159 172 2223 ita
193 2171 261 2223 tum
282 2169 315 2224 et
336 2159 450 2225 vitium
471 2161 596 2247 porrigi
616 2160 753 2226 lumbos.
776 2160 885 2227 Arbor
899 2183 1025 2246 quoque
1040 2163 1112 2249 ipsa
1125 2161 1246 2250 gaudet

122 2257 261 2325 adsiduo
282 2259 388 2326 levata
409 2284 505 2326 onere
528 2262 640 2327 similis
663 2262 843 2348 respiranti,
866 2263 1008 2347 nihilque
1030 2275 1080 2329 est
1101 2265 1246 2349 inopere

122 2369 267 2438 naturae,
290 2361 378 2444 quod
398 2385 463 2429 nen
484 2363 630 2448 exemplo
652 2363 776 2429 dierum
797 2363 1000 2448 noctiumque
1023 2365 1146 2448 aliquas
1165 2365 1246 2430 vicis

122 2459 277 2526 feriarum
303 2462 391 2528 velit.
425 2460 480 2529 Ob
507 2463 542 2528 id
570 2464 718 2548 protinus
739 2487 759 2528 a
781 2465 942 2530 vindemia
962 2465 1071 2550 putari
1093 2475 1124 2529 et
1145 2465 1246 2530 lassas

123 2562 299 2628 etiamnum
319 2565 426 2629 fructu
448 2564 534 2629 edito
555 2564 753 2650 inprobatur.
781 2565 919 2630 Putatae
933 2570 1046 2631 rursus
1061 2565 1245 2651 adligantur

122 2663 188 2728 alio
215 2664 303 2741 loco;
336 2687 475 2750 namque
507 2664 630 2731 orbitas
662 2665 782 2730 vinculi
814 2665 957 2729 sentiunt
983 2665 1154 2729 vexatione
1182 2687 1245 2730 non

122 2764 232 2831 dubia.
255 2765 421 2831 Traduces
444 2763 572 2831 Gallica
598 2767 723 2831 cultura
749 2765 817 2829 bini
843 2765 1003 2849 utrimque
1025 2763 1189 2841 lateribus,
1219 2764 1307 2829 siau

122 2888 200 2952 pars
222 2866 429 2952 quadrageno
450 2867 548 2933 distet
572 2867 690 2952 spatio,
717 2865 875 2950 quaterni,
896 2866 926 2934 si
948 2865 1061 2930 viceno
1068 2889 1077 2941 3
1106 2864 1189 2929 inter
1211 2886 1246 2930 se

122 2965 210 3032 obvii
228 2967 403 3033 miscentur
423 2969 668 3055 adliganturque
689 2990 754 3032 una
769 2967 940 3042 conciliati,
963 2966 1176 3053 virgultorum
1190 2988 1245 3032 co·

121 3067 238 3132 mitatu
259 3068 364 3134 obiter
384 3069 517 3156 rigorati
538 3073 602 3154 qna
623 3070 784 3146 deficiant,
811 3080 878 3144 aut,
901 3067 928 3131 si
949 3066 1091 3132 brevitas
1106 3087 1171 3129 non
1186 3087 1244 3150 pa-

123 3168 222 3232 tiatur
247 3168 400 3254 ipsorum,
428 3171 600 3256 adalligato
628 3169 863 3253 protenduntur
891 3168 926 3232 in
948 3167 1075 3261 viduam
1098 3167 1244 3232 arborem

124 3415 156 3423 ..
174 3373 338 3438 circumvertit,
351 3379 386 3426 at
409 3420 440 3427 .-
468 3378 527 3440 ipso,
540 3393 562 3426 a
587 3417 617 3425 ..
644 3374 858 3435 ridicaaBarbar.
872 3377 918 3426 ad
945 3374 1047 3437 radices,
1066 3340 1243 3425 Hardetiol-

122 3443 187 3492 bart
196 3442 245 3492 HL
264 3444 300 3494 At
311 3460 335 3494 v.
348 3445 494 3496 Schneider.
506 3447 539 3494 ad
553 3444 688 3493 Columell.
701 3443 734 3492 V.
748 3450 771 3504 6,
785 3448 825 3493 26.

138 3513 243 3588 §aba
269 3522 463 3588 vitem,8'1¹ad.
486 3523 584 3590 Omfi.
609 3569 640 3576 -
666 3527 891 3588 contineri,Tadr.
919 3521 1186 3590 quundccontinsri,ss.
1211 3567 1241 3574 -

112 3591 246 3655 suscitare,
257 3596 345 3646 Dalec.
369 3638 400 3646 -
428 3593 537 3656 liberata,
550 3599 593 3645 ad.
621 3591 725 3655 liberarii,
738 3613 757 3644 r.
786 3593 917 3654 liberatum,
928 3589 959 3654 β.
986 3592 1119 3651 liberatam,
1139 3593 1192 3654 Τγ.
1212 3633 1242 3641 ..

123 3658 252 3721 incondito,
264 3665 307 3712 ad.
325 3661 476 3724 inconditam,
487 3658 539 3726 βγ.

158 3754 243 3815 §atu
270 3762 303 3814 ut,
316 3756 399 3804 omitt.
411 3758 456 3804 ad.
470 3795 500 3804 ..
520 3744 633 3803 iuvutita
645 3763 700 3813 tum,
712 3758 735 3805 d.
754 3755 916 3814 uiuacitatum,
930 3769 952 3802 a.
966 3794 997 3802 ..
1017 3750 1101 3810 bvsto,
1114 3753 1137 3801 d.
1157 3792 1188 3800 ..
1206 3769 1242 3800 se-

121 3817 239 3937 ctitplrgrupr,
251 3836 274 3870 a
294 3862 324 3870 -
344 3821 496 3885 improbatur.
510 3822 624 3883 Patctae,
640 3817 758 3872 &Tadu
777 3821 930 3885 improbatur,
942 3826 968 3867 ut
975 3826 1083 3883 putatas,
1095 3815 1123 3880 β.
1145 3860 1174 3868 ..
1193 3819 1243 3868 via-

184 3922 191 3947 ,
221 3923 228 3936 .

157 3981 243 4042 5211.
273 3979 376 4042 Gallica,
389 3982 461 4031 codd.
474 3981 532 4032 Gal.
562 3979 663 4041 Gallica,
676 3983 720 4031 ad.
747 3980 802 4031 Nisi
816 3980 901 4041 fallor,
918 3977 1106 4031 Plinttatttca
1121 3994 1134 4025 e
1149 3976 1243 4026 cultura

122 4047 230 4109 scripsit.
244 4086 275 4096 ..
290 4064 359 4111 pars,
375 4041 476 4099 Orac.
492 4065 543 4111 pas,
556 4049 630 4098 codd.
643 4048 699 4099 Gal.
711 4043 740 4109 β.
756 4089 786 4096 -
805 4046 916 4110 quaterni
925 4047 953 4108 sr',
966 4049 983 4097 d
995 4044 1082 4107 (codd.
1095 4042 1165 4105 Gal.)
1183 4061 1243 4107 qua·

123 4113 239 4174 tonsas.
264 4156 294 4163 -
319 4115 387 4171 obvii,
400 4116 481 4165 omitt.
493 4118 566 4165 codd.
580 4114 636 4166 Gel.
661 4156 691 4164 -
718 4114 791 4163 obiter
802 4114 878 4178 liquti,
890 4117 923 4166 Κ.
948 4155 979 4162 ..
1006 4129 1076 4175 quam
1090 4111 1209 4174 deficiant,
1221 4128 1242 4160 r.

122 4179 197 4228 obiter
213 4188 236 4228 st
252 4180 330 4246 ripere
346 4182 419 4230 crecti
433 4198 482 4245 quo
498 4184 538 4232 val
550 4181 692 4246 priusquam
705 4180 762 4245 des,
779 4184 868 4233 Dalec.
892 4223 922 4231 ..
951 4177 1091 4244 udollipcto,
1104 4181 1141 4229 ad
1157 4177 1242 4240 (codd.

123 4243 195 4307 Gal.)
213 4245 320 4313 cllqato,
335 4241 364 4298 θ.
384 4289 412 4298 ..
431 4246 616 4312 procuderant,
629 4251 704 4299 codd.
716 4249 774 4300 Gal.
