2754 4726
377 356 380 363 ,
419 309 490 356 nm.
506 311 581 357 xm.
612 310 689 357 555.
706 298 755 357 1v;
785 309 882 357 5555.
900 311 929 354 n.
1173 295 1234 358 249

113 470 181 523 tum
203 458 347 546 saginato
369 468 405 522 ut
426 459 578 544 pauperis
600 483 711 544 mensa
731 482 795 524 non
818 460 932 545 capiat.
960 459 1127 526 Silvestris
1148 462 1234 526 fece-

112 571 163 625 rat
183 555 297 624 natura
319 559 470 625 corrudas
492 570 528 627 ut
542 560 663 646 passim
678 561 814 646 quisque
829 560 1003 627 demeteret
1012 585 1021 636 ;
1044 583 1118 626 ecce
1133 561 1236 626 altiles

112 669 299 747 spectantur
326 660 477 748 asparagi
504 671 537 726 et
558 661 714 728 Ravenna
737 662 834 728 ternis
856 661 945 728 libris
966 661 1123 746 rependit.
1159 661 1236 728 Heu

111 760 262 848 prodigia
276 759 414 825 ventrisl
437 759 561 826 Mirum
580 774 666 828 55555
679 785 746 827 non
759 762 857 828 licere
872 762 981 846 pecori
995 762 1122 827 carduis
1137 763 1235 841 vesci,
1250 780 1282 824 ss

112 884 178 928 non
198 861 272 927 licet
292 860 408 947 plebei.
444 858 561 944 Aquae
582 883 711 947 quoque
733 872 923 947 separantur
950 872 982 927 et
1007 863 1078 948 ipsa
1104 873 1236 928 naturae

113 960 330 1031 elementari
357 961 513 1046 pecuniae
540 960 680 1028 discreta
703 974 787 1028 sunt.
824 962 872 1028 Hi
899 962 999 1042 nivis,
1028 963 1075 1028 illi
1100 962 1237 1051 glaciem

113 1072 226 1149 potant
259 1082 443 1148 paenasque
474 1063 629 1128 montium
660 1063 694 1129 in
727 1064 926 1149 voluptatem
960 1064 1056 1152 gulae
1096 1074 1236 1129 vertunt.

116 1163 274 1230 Servatur
300 1163 391 1248 algor
418 1163 560 1229 aestibus
588 1164 851 1251 excogitaturque
877 1175 915 1229 ut
940 1164 1051 1230 alicnis
1073 1164 1237 1230 mensibus

114 1264 171 1330 nix
192 1263 308 1350 algeat.
341 1262 510 1330 Decocuut
531 1264 585 1331 alii
607 1287 724 1349 aquas,
747 1287 823 1330 mox
840 1276 872 1331 ct
885 1264 956 1330 illas
970 1265 1121 1331 hiemant.
1148 1264 1239 1330 Nihil

115 1364 226 1448 utique
250 1364 372 1429 bomini
401 1363 447 1430 sic
475 1365 634 1449 quomodo
660 1387 767 1431 rerum
789 1377 922 1431 naturae
943 1367 1063 1453 placet3
1098 1364 1236 1431 etiamne

115 1463 216 1531 herba
236 1465 343 1549 eliqua
364 1464 456 1533 diviti
470 1475 594 1530 tantum
613 1465 776 1551 pascitur?
796 1465 900 1533 Nemo
916 1489 1022 1533 sacros
1043 1466 1238 1532 Aventinos-
1253 1484 1285 1528 55

118 1587 181 1650 quc
209 1564 327 1631 montis
353 1575 386 1630 et
412 1565 512 1631 iratae
541 1565 645 1651 plebis
673 1588 818 1633 secessus
847 1566 1130 1654 circumspexerit3
1164 1588 1255 1632 mox,

118 1764 144 1806 et
160 1755 312 1806 auctoritate
328 1755 462 1816 efficerent,
480 1764 508 1807 ut
518 1757 568 1806 boc
580 1759 719 1820 portorium
731 1759 906 1820 remitteretur,
923 1773 986 1822 quas
1004 1772 1090 1823 preces
1100 1758 1128 1807 in
1139 1757 1239 1807 theatro

118 1824 229 1888 prolatas
237 1823 315 1874 fuisse
323 1833 390 1874 55555
399 1825 520 1887 colligere
528 1839 664 1888 possumus
673 1841 706 1875 ex
714 1827 771 1876 51115
780 1826 914 1889 exemplis,
924 1826 999 1889 quale
1007 1827 1061 1889 ipse
1069 1825 1138 1876 Plin.
1149 1831 1190 1884 34,
1198 1830 1239 1874 62.

119 1893 339 1942 commemoravit:
353 1899 422 1940 tanta
431 1890 516 1955 populi
525 1891 632 1941 Romani
641 1893 789 1942 contumacia
792 1893 853 1954 fuit,
869 1899 896 1941 nt
907 1892 997 1941 theatri
1005 1891 1147 1941 5155551555
1158 1889 1242 1953 reponi

119 1973 294 2022 apoxyomenon
302 1957 464 2023 flopitaverit.
487 1960 603 2008 Tandem
614 1961 748 2011 remissum
761 1967 799 2009 est
810 1959 922 2022 vectigal
933 1959 1050 2020 invisum,
1062 1960 1115 2019 sed,
1127 1965 1156 2007 ut
1168 1957 1241 2006 aliter

119 2027 172 2075 fieri
184 2041 238 2075 non
248 2027 340 2089 potuit,
355 2041 402 2091 555
415 2027 532 2088 vectigali
543 2027 650 2077 remisso
662 2042 757 2076 novum
768 2027 837 2090 plebi
848 2027 1006 2090 impositum,
1023 2040 1075 2089 quo
1087 2026 1184 2075 iactura
1194 2038 1241 2088 per

119 2093 295 2143 remissionem
305 2093 374 2144 tacta
385 2096 570 2158 rependeretur,
586 2101 612 2143 et
623 2109 685 2144 mox
696 2103 855 2158 compertum
866 2109 899 2143 ex
912 2109 977 2142 novo
989 2093 1107 2155 vectigali
1116 2092 1241 2142 aerarium

120 2161 203 2214 multo
215 2161 297 2210 maius
309 2168 335 2210 et
345 2161 424 2211 tutius
436 2161 600 2210 commodum
613 2175 702 2225 cupere
714 2177 790 2224 quam
803 2176 836 2210 ex
848 2161 962 2211 remisso.
988 2159 1057 2209 Illud
1075 2175 1134 2210 vero
1146 2174 1240 2209 novum

120 2227 230 2290 vectigal
246 2224 438 2278 nullum'aliud
449 2235 487 2278 est
499 2243 576 2291 quam
588 2226 698 2277 viceritne
710 2227 866 2277 hereditatam
878 2230 910 2278 ab
922 2228 1041 2290 Augusto
1053 2245 1076 2278 a.
1090 2244 1114 2277 u.
1129 2229 1185 2277 759.
1201 2227 1240 2276 15-

120 2295 210 2345 5515555
220 2292 281 2359 (τὴν
294 2285 317 2343 δ’
332 2291 456 2359 εἰκοσι-ὴν
469 2294 521 2344 τῶν
534 2309 564 2344 τε
573 2291 677 2361 κλήρων
685 2291 731 2344 καὶ
741 2295 794 2345 τῶν
803 2293 843 2344 ‹io›
862 2295 926 2356 εῶν,
941 2290 1015 2353 lictis
1025 2291 1052 2343 oi
1060 2290 1242 2352 τελεοτῶντές
1300 2330 1303 2337 ,

120 2375 172 2410 τισι
184 2357 251 2426 πλὴν
264 2361 317 2410 τῶν
329 2359 398 2410 πάνυ
410 2362 547 2426 συγγενῶν
560 2361 577 2426 ἢ
587 2358 631 2410 καὶ
641 2359 760 2428 πενήτων
769 2311 970 2423 unfairinona,
982 2359 1176 2427 κατεπήσατο,
1188 2361 1241 2411 Dio

121 2427 193 2480 (1555.
204 2434 243 2488 55,
253 2435 303 2490 25,
312 2431 355 2478 ubi
363 2446 387 2478 v.
396 2431 496 2479 Fabric.
508 2444 533 2492 p.
546 2432 670 2480 7555515
684 2431 770 2481 05155.
781 2432 846 2499 obes.
861 2436 883 2491 5,
895 2436 934 2481 16.
949 2435 988 2490 ll,
998 2436 1047 2490 24,
1058 2429 1198 2479 Burmann.
1209 2430 1241 2477 de

119 2497 246 2559 vectigali.
258 2511 317 2561 pop.
327 2498 404 2546 Rom.
418 2502 457 2547 11.
470 2506 495 2547 55
504 2496 630 2547 Schwars.
642 2500 675 2547 ad
683 2498 749 2548 Plin.
761 2512 882 2562 panegyr.
890 2513 915 2560 5.
926 2495 1004 2558 bit).
1022 2498 1067 2554 At,
1079 2497 1172 2560 inquis,
1183 2496 1240 2545 nul-

120 2564 176 2613 lum
187 2566 219 2613 de
230 2565 281 2612 hoc
292 2564 410 2626 vectigali
421 2564 525 2614 verbum
537 2566 605 2626 apud
613 2564 734 2614 Plinium.
752 2565 847 2625 Audio,
859 2565 879 2613 si
888 2565 1016 2627 vulgatam
1027 2564 1175 2628 scripturam
1184 2578 1240 2612 rer-

119 2633 219 2690 borum,
231 2631 258 2680 in
270 2632 362 2695 quibus
373 2632 437 2681 illud
448 2632 520 2691 latet,
531 2631 595 2679 mihi
608 2630 711 2693 obiicis3
728 2638 755 2681 at
770 2631 845 2680 valde
857 2637 1001 2693 comptam
1013 2630 1085 2678 illam
1098 2644 1153 2680 5555
1164 2644 1240 2679 nemo

120 2699 200 2748 semel
212 2699 357 2748 admonitus
368 2698 444 2748 facile
455 2697 565 2761 negabit.
583 2698 671 2748 Verba
682 2699 780 2748 scilicet
791 2713 842 2746 cam
854 2695 965 2746 credatur
974 2697 1056 2760 pensio
1066 2712 1095 2744 ea
1100 2711 1241 2760 pauperum,

121 2768 361 2829 quomodocumque
373 2767 501 2827 cucumis,
513 2765 613 2815 nullum
625 2780 728 2829 prorsus
741 2780 842 2816 sensnm
853 2765 974 2828 praebent
985 2778 1068 2827 neque
1077 2764 1241 2826 grammatice

121 2847 180 2882 cum
191 2834 362 2896 superioribus
373 2829 525 2897 congruunt.
544 2830 610 2883 Cum
622 2834 690 2882 enim
701 2832 883 2896 praecesserint
893 2832 969 2881 verba
981 2847 1026 2880 non
1038 2828 1109 2878 aliter
1117 2837 1241 2893 quaestuo-

119 2899 170 2948 sius
185 2915 277 2948 5555555
294 2898 378 2949 baberi
387 2907 431 2948 aut
443 2899 521 2961 555155,
537 2901 628 2951 merito
646 2900 903 2965 55555555555515555
919 2915 977 2962 pars
993 2899 1200 2962 comparationis,
1216 2905 1242 2948 et

120 2964 227 3030 proinde
237 2974 296 3017 ante
309 2968 395 3018 omnia
406 2969 543 3031 legendum
555 2982 627 3031 qnam
639 2983 698 3027 cnm,
713 2969 756 3017 ubi
768 2967 893 3032 particula
909 2981 980 3028 quam
995 2967 1033 3016 uti
1045 2966 1185 3015 sexcenties
1196 2980 1249 3029 per.

77 3037 82 3046 “
103 3035 278 3084 ¹simillimam
294 3049 384 3084 vocem
400 3035 576 3098 insequentem
593 3042 631 3085 555
646 3037 773 3099 absorpta
795 3036 886 3084 Restat
898 3033 1002 3082 verbum
1014 3031 1134 3093 credatur,
1145 3034 1242 3096 quoda

119 3102 228 3152 librariis
244 3103 311 3152 mule
329 3109 464 3153 consutum
480 3103 697 3166 etinterpolatum
710 3111 793 3152 estex
805 3099 933 3149 5555115555
945 3098 1024 3148 datur.
1050 3101 1121 3150 Haec
1133 3100 1240 3149 mutatio

121 3169 203 3218 multo
220 3170 304 3219 miuus
321 3178 359 3219 555
374 3171 486 3231 violens,
507 3170 684 3234 quamprimo
703 3170 794 3218 obtutu
811 3169 921 3230 videtur3
942 3169 1033 3217 etenim
1050 3168 1135 3216 littera
1152 3183 1242 3232 555555

120 3238 216 3286 omissa
227 3235 276 3299 (uti
289 3237 316 3286 iu
327 3237 490 3301 inscriptione
502 3237 592 3287 Orellii
604 3251 647 3285 no.
663 3241 718 3286 188.
730 3236 825 3298 legitur
835 3233 914 3284 eredas
922 3233 1063 3298 posuerant)
1080 3235 1193 3299 syllabae
1205 3233 1241 3284 di-

122 3311 170 3352 tate
181 3317 226 3366 555
237 3311 383 3367 sequentem
401 3318 492 3354 vocem
506 3302 578 3352 datur
592 3319 677 3354 rursus
689 3311 748 3354 sunt
759 3304 901 3367 absorptae,
918 3306 988 3366 quod
1002 3303 1030 3352 in
1041 3303 1171 3353 codicibus
1183 3318 1241 3353 cum

120 3371 229 3420 eliorum
245 3372 396 3435 scriptorum
412 3383 466 3421 turn
483 3372 561 3421 Plinii
578 3371 725 3435 saepissime
740 3371 837 3421 lactum
855 3385 909 3421 esse
927 3378 1034 3421 constat.
1061 3370 1102 3420 Ita
1113 3372 1190 3435 igitur
1200 3371 1241 3420 his

120 3439 202 3494 verbis
219 3439 358 3488 emendatis
375 3439 478 3501 egregia
493 3439 546 3489 iam
560 3439 609 3488 lux
623 3439 683 3489 loco
699 3440 783 3489 adhuc
795 3439 954 3488 conclamato
971 3445 996 3488 55
1007 3439 1051 3502 qui
1061 3439 1134 3488 nulla
1145 3439 1242 3488 ratione

120 3506 229 3568 intelligi
246 3513 332 3570 posset
347 3505 462 3568 affulget,
480 3521 538 3555 eum
553 3507 619 3556 Pliu
633 3507 712 3556 dicat:
730 3508 816 3571 plebes
833 3507 931 3556 nullam
948 3521 1019 3570 spem
1036 3507 1063 3555 in
1079 3520 1145 3555 nova
1156 3506 1243 3569 aliqua

120 3574 263 3623 secessione
278 3581 369 3636 ponat3
391 3574 488 3623 etiamsi
506 3574 574 3622 enim
591 3588 637 3639 per
653 3588 709 3623 eam
726 3575 832 3636 aliquod
850 3575 1013 3623 commodum
1025 3574 1158 3636 acceperit,
1179 3587 1242 3620 mox

120 3649 207 3690 tamar
218 3655 285 3690 novo
298 3655 381 3704 eoque
394 3641 495 3689 51551555
508 3656 585 3690 55555
596 3648 733 3704 premetur,
745 3643 813 3705 quod
825 3642 911 3705 plebes
923 3641 974 3690 ium
988 3641 1066 3690 semel
1078 3647 1182 3703 experta
1194 3647 1241 3699 est,

120 3722 179 3756 eum
196 3708 314 3771 vectigali
331 3708 431 3757 macelli
449 3708 554 3758 liberata
570 3724 664 3758 uorum
680 3709 788 3772 vectigal
805 3710 941 3759 vicesimae
952 3708 1121 3758 hereditatum
1133 3709 1242 3770 pendere
1307 3757 1312 3763 ,

120 3784 260 3836 cogeretur.
283 3775 355 3825 Plebi
373 3789 471 3839 semper
487 3777 595 3838 pecunia
605 3776 740 3840 pendenda
751 3783 802 3838 est;
818 3791 914 3840 pauper
926 3776 1019 3838 ubique
1031 3775 1102 3824 iacet.
1130 3773 1243 3823 Pecunia

120 3843 206 3905 igitur,
219 3857 285 3904 quae
296 3843 398 3906 plebem
411 3844 542 3906 separavit,
556 3857 612 3893 eam
624 3858 687 3893 mox
699 3845 827 3907 aequabit,
843 3852 870 3892 55
880 3843 968 3908 plebes
978 3857 1032 3892 rem
1045 3842 1095 3892 iam
1107 3840 1184 3892 semel
1197 3855 1241 3890 ex-

119 3918 219 3973 pertam
232 3911 315 3959 denuo
328 3911 477 3974 experietur.
496 3908 635 3962 Hereditate
646 3925 705 3960 vero
719 3926 748 3958 eu
755 3910 838 3974 pensio
849 3912 866 3959 i.
875 3925 897 3960 e.
906 3911 934 3959 id
943 3910 1063 3960 tributum
1073 3911 1125 3959 sive
1133 3908 1242 3971 vectigal

120 3977 222 4026 macelli
235 3974 290 4038 (16,
302 3976 357 4039 32.)
370 3979 455 4038 datur,
473 3981 541 4041 quod
557 3980 646 4028 eodem
662 3979 741 4028 modo
759 3979 850 4028 dicitur
864 3979 901 4027 uti
920 3975 1049 4026 hereditate
1061 3974 1205 4038 obvenitli,
1218 3980 1241 4025 4.

120 4045 231 4095 Rectam
246 4046 338 4094 ultima
352 4045 505 4109 paragraphi
523 4047 609 4107 verba,
629 4046 672 4095 ubi
689 4060 829 4108 pronomen
842 4044 863 4093 is
874 4061 928 4095 non
945 4045 1030 4106 habet,
1047 4059 1098 4106 quo
1111 4043 1241 4107 referatur.

120 4113 271 4175 Lugendum
286 4121 325 4161 est
342 4110 379 4159 515
394 4127 428 4162 sc.
445 4113 606 4176 pauperibus,
623 4122 649 4164 et
664 4115 741 4163 verba
757 4113 807 4162 iam
826 4113 861 4163 sie
877 4114 1076 4191 interpretanda:
1096 4111 1242 4161 vicesimam

120 4194 180 4229 vero
190 4179 349 4236 hereditatis,
367 4179 573 4229 molestissimum
584 4181 697 4241 omnium
710 4179 818 4243 uectigal
841 4175 901 4228 ἐπεὶ
917 4193 949 4245 rp
962 4174 1073 4244 εἰκοστῇ
1081 4173 1189 4238 πάντες,
1203 4175 1243 4233 ὡς

121 4241 219 4307 sinsin,
233 4241 402 4312 ἐβαρύνοντο
415 4241 459 4295 καὶ
473 4242 563 4296 ἐδόκει
575 4244 744 4312 τινεώτερον
757 4240 805 4297 ἔσε
863 4261 882 4308 ι,
899 4246 951 4297 Dio
964 4245 1036 4298 0555.
1050 4252 1090 4306 56,
1102 4243 1164 4308 ib),
1180 4259 1242 4309 pau·
