2754 4726
356 292 429 341 sm.
443 290 521 340 xxi.
546 287 629 339 uss.
645 289 693 338 nr.
708 286 744 337 x.
775 284 875 337 sacr.
889 287 974 334 uer.
1158 266 1222 334 877

103 446 208 514 oleam
223 465 288 511 non
302 450 454 531 putarent
469 439 562 531 gigni
576 437 642 509 nisi
658 437 745 505 iutra
757 457 815 507 eeu
827 435 933 504 stadia
949 458 971 503 a
983 434 1074 502 maii.
1096 432 1225 520 Thymo

102 547 235 632 quidem
255 565 342 611 nunc
364 541 461 609 etiam
480 539 626 629 lapideos
642 559 772 626 campos
790 537 827 604 in
840 536 1007 625 provincia
1019 535 1225 603 Narbonensi

101 648 242 712 refertos
263 643 400 722 scimm,
427 641 488 709 hoc
508 663 612 729 paene
634 639 703 707 solo
722 638 846 718 reditu,
873 659 893 704 e
913 634 1098 724 longinquis
1117 635 1225 724 regio·

103 745 202 813 nibus
221 745 385 834 pecudum
404 742 534 809 milibus
556 740 821 808 convenientibus
848 747 887 804 ut
911 736 1023 823 thymo
1041 747 1225 804 vescantur.

144 848 199 913 32.
220 845 264 911 Et
284 865 426 930 conyzae
451 843 517 910 duo
537 865 659 932 genera
683 842 718 908 in
739 837 986 916 coronamentis,
1016 859 1089 903 mas
1113 858 1152 904 ac
1172 837 1224 904 ie·
1239 855 1272 902 ss

102 947 202 1014 mina.
239 945 436 1013 Differentia
460 943 495 1010 in
520 944 611 1021 foli03
644 942 773 1010 unuius
800 940 939 1008 feminae
964 948 999 1005 et
1024 938 1226 1005 constrictius

104 1048 357 1138 angustiusque,
382 1043 569 1111 imbricatus
590 1066 660 1110 mas
681 1053 714 1110 et
733 1043 907 1119 ramosior3
926 1039 988 1108 ilos
1008 1061 1137 1125 quoque
1156 1060 1226 1105 ma·

103 1150 158 1238 gis
172 1148 320 1236 splendet
332 1147 412 1226 eius,
431 1146 590 1213 serotinus
607 1144 738 1229 utrique
751 1153 826 1231 post
838 1151 1014 1210 arcturum.
1035 1139 1113 1206 Mae
1129 1138 1228 1204 odore

103 1250 253 1340 gravior,
292 1249 413 1315 femina
440 1247 565 1316 acutior
592 1255 627 1312 et
653 1245 728 1313 ideo
755 1253 866 1311 cenna
893 1242 1071 1310 bestiarum
1099 1260 1227 1307 morsus

102 1349 220 1436 aptior.
247 1350 341 1416 Folia
362 1348 500 1414 feminas
520 1346 625 1413 mellis
646 1346 776 1412 odeum
796 1345 932 1421 habent3
954 1341 1115 1409 masculae
1133 1339 1228 1409 radix

106 1473 127 1516 a
147 1451 341 1535 quibusdam
361 1448 512 1516 libanotis
531 1446 723 1533 appellatur,
746 1446 787 1512 ds
806 1467 872 1530 qua
892 1444 1044 1513 diximus.

147 1553 201 1617 33.
222 1550 267 1616 Et
288 1561 411 1616 tantum
433 1550 511 1616 folio
531 1557 684 1615 coronant
701 1547 789 1614 Iovis
808 1545 880 1625 lice,
902 1565 1097 1622 amaracum,
1117 1541 1228 1608 heme-
1242 1559 1275 1604 sa
1331 1546 1336 1555 “

104 1651 250 1729 recalles,
263 1651 487 1729 habrotonum,
498 1649 674 1730 helenium,
688 1646 908 1735 sisymbrium,
922 1645 1110 1732 serpyllum,
1122 1642 1229 1711 omnia

105 1751 272 1818 surculosa
291 1774 385 1818 rosae
404 1751 511 1817 modo.
535 1748 653 1818 Colore
673 1759 797 1819 tantum
816 1748 924 1836 placet
943 1746 1033 1812 Iovis
1053 1744 1127 1823 iios,
1149 1745 1230 1813 odor

106 1852 214 1929 abest,
237 1853 320 1918 sicut
336 1853 430 1919 atilli
446 1852 503 1936 qui
521 1848 649 1917 Graece
664 1850 764 1936 phlox
780 1859 923 1916 vocatur.
945 1846 992 1912 Et
1007 1846 1106 1917 ramis
1120 1850 1230 1912 autem

104 1962 140 2019 et
160 1952 236 2016 folio
256 1953 390 2018 odorata
410 1961 486 2018 sunt
515 1961 650 2038 excepto
679 1949 829 2037 serpyllo.
853 1947 1030 2015 Helenium
1048 1968 1069 2013 a
1089 1944 1230 2011 lacrimis

105 2052 254 2119 Helenae
287 2053 403 2120 dimum
427 2063 541 2119 natum
569 2063 604 2119 et
622 2052 698 2119 ideo
717 2052 753 2118 in
773 2049 900 2119 Helene
918 2049 1027 2115 insula
1046 2044 1230 2115 laudatissi-

104 2175 210 2231 mum3
235 2165 285 2219 est
304 2164 413 2221 mtem
432 2155 543 2222 saux
563 2153 654 2224 humi
673 2175 711 2221 se
733 2173 890 2242 spargens
908 2146 1154 2218 dodrantalibus
1172 2168 1229 2213 ra-

106 2253 217 2331 mulis,
240 2255 380 2341 serpyllo
399 2254 498 2322 simili
519 2253 608 2322 folio.
1039 2297 1042 2301 <

149 2355 201 2419 34.
222 2354 448 2423 Habrotonum
466 2354 566 2424 odore
585 2354 727 2424 inundo
747 2353 842 2444 gravi
859 2354 955 2424 floret
975 2363 1116 2434 amiate,
1138 2353 1229 2422 aurei
1242 2367 1275 2414 so

105 2579 189 2628 neque
205 2566 376 2629 Theophanes.
391 2565 452 2615 hist
468 2564 548 2628 plant.
564 2564 614 2615 VI.
631 2571 656 2626 Β,
669 2571 702 2626 4.,
712 2564 782 2615 unde
798 2565 863 2614 haec
878 2565 966 2615 omnia
985 2565 1093 2629 sumpsit
1103 2563 1179 2626 Plin,
1196 2567 1229 2616 ad

106 2633 214 2694 vestigia
230 2633 408 2695 probabilioris
424 2632 533 2682 alieuius
550 2632 710 2681 coniecturae
724 2645 774 2682 nos
789 2633 894 2682 ducunt.
918 2671 949 2681 -
976 2630 1075 2693 ouant,
1092 2633 1178 2683 VTd.
1196 2672 1228 2683 .-

107 2705 155 2747 urm
168 2714 228 2758 cum,
240 2701 276 2748 ita
288 2713 335 2748 nos
347 2699 502 2762 scripsimus.
524 2705 585 2761 nac,
596 2694 727 2763 svestr.
750 2698 801 2750 Sed
818 2697 863 2749 illa
874 2699 1018 2750 emendatio
1029 2713 1133 2762 prorsus
1141 2713 1229 2750 neem·

106 2767 173 2816 saria
187 2765 244 2826 init,
261 2773 362 2829 recepta
377 2766 462 2816 statim
477 2765 544 2816 infru
559 2780 593 2816 ax
608 2767 713 2817 RVTd
728 2767 852 2831 scriptura
859 2772 980 2831 pumrsnt,
998 2780 1057 2816 cum
1067 2766 1148 2828 vulgo
1160 2760 1229 2830 (197)

105 2832 234 2895 legeretur
248 2833 375 2895 putabant.
400 2832 503 2884 Scilicet
517 2834 585 2884 Plin.
600 2835 665 2889 ridet
681 2834 854 2899 Theophrasti
870 2834 942 2884 illam
958 2832 989 2883 de
1000 2833 1060 2883 olea
1070 2834 1229 2895 seutentiam,

107 2914 184 2963 quam
203 2901 298 2949 dudum
314 2899 445 2964 explosam
461 2901 558 2965 etipsa
572 2915 600 2951 rs
615 2901 751 2952 refutatam
765 2902 818 2952 iam
834 2901 1037 2963 dixerat15,1.;
1053 2915 1107 2950 non
1123 2900 1230 2950 meliors

106 2967 274 3017 fundamento
291 2969 338 3017 niti
355 2968 462 3018 similem
479 2970 511 3020 de
527 2969 617 3032 thymo
633 2969 788 3032 opinionem,
805 2983 882 3032 quam
899 2966 989 3018 falsam
1007 2980 1063 3018 esse
1078 2968 1231 3018 convincant

107 3034 202 3097 lapidei
220 3037 303 3098 campi
318 3035 462 3097 provinciae
472 3035 646 3087 Narbonensis
663 3036 753 3100 thymo
768 3035 863 3086 referti.
887 3034 954 3086 Cum
969 3035 1092 3099 singulari
1107 3042 1193 3083 auum
1205 3034 1231 3082 vi

108 3101 135 3151 h.
146 3102 165 3151 1.
181 3103 297 3165 proxime
313 3102 361 3152 sibi
376 3109 538 3166 apponuntur
554 3110 601 3151 mm
617 3118 668 3152 eum
683 3104 722 3152 uti
733 3106 802 3168 apud
813 3102 929 3154 ciceron.
945 3101 1002 3152 Aa
1018 3101 1095 3151 VIII.
1108 3106 1148 3151 ll.
1160 3102 1193 3150 D.
1206 3103 1230 3152 7.

108 3168 148 3216 eui
162 3175 217 3228 tum,
234 3184 285 3217 cum
301 3167 351 3217 mm
366 3168 391 3218 in
406 3169 481 3218 urmes
496 3184 604 3231 maeoseu,
620 3168 757 3219 maana
772 3176 850 3218 tomen
861 3166 924 3216 alter
934 3175 958 3217 et
968 3166 1101 3232 triumphus
1110 3165 1231 3232 amphisi-

108 3250 159 3283 mus
170 3234 328 3298 defirebatur.
346 3276 379 3286 ..
400 3235 499 3301 styma,
510 3237 593 3286 ΨΜ.
613 3235 727 3300 diapasoa,
737 3235 771 3286 B.
792 3234 898 3301 Thynia
909 3230 963 3300 ssr:
978 3276 1010 3286 ..
1028 3243 1140 3299 repertos,
1152 3235 1185 3286 R.
1198 3275 1230 3284 .-

108 3299 196 3365 reditu,
208 3319 232 3365 e;
249 3317 297 3367 pro
310 3304 350 3352 his
361 3318 402 3353 vv.
414 3303 509 3353 habent
519 3301 627 3366 reditque
637 3303 724 3354 RVd.
740 3343 774 3354 -
787 3300 914 3369 pecudem,
925 3303 981 3354 Vd.
997 3301 1104 3364 nm,
1115 3303 1148 3354 Β.

143 3396 212 3457 §is
231 3395 390 3458 seminanti,
412 3393 714 3460 Ceterumv.Theophr.
730 3395 942 3462 histplaot.VL
955 3401 979 3456 2,
992 3380 1065 3447 6).
1088 3393 1230 3454 miriones,

109 3461 143 3511 V,
161 3503 193 3511 -
216 3461 361 3524 imbricatae,
376 3479 397 3512 r.
422 3460 578 3523 inuitatum,
593 3461 671 3513 RVd
686 3461 796 3527 (Rigalt.
810 3471 838 3514 et
852 3464 954 3514 Thuan.
972 3478 1013 3527 ap.
1026 3463 1135 3515 Salmas
1147 3476 1231 3513 exerc.

107 3544 133 3593 p.
146 3526 338 3590 900.a.1‹¹.)-
356 3544 409 3576 mos
421 3536 451 3592 et,
462 3529 487 3579 Β
501 3526 610 3592 (Rigalt.
622 3545 663 3594 ap.
675 3528 797 3593 Salmas.)
813 3546 867 3579 mus
878 3537 921 3591 ast,
933 3533 958 3581 d.
970 3546 1019 3579 mer
1029 3537 1062 3593 et,
1073 3530 1176 3581 Thoan.
1188 3543 1230 3593 ap.

109 3595 218 3647 salmas.
228 3597 303 3646 maris
314 3604 344 3658 et,
356 3591 438 3661 Vssr.
457 3636 489 3646 -
505 3594 631 3655 romanor,
640 3598 735 3648 RVdr
745 3595 860 3662 (Rigalt,
872 3596 989 3662 Thoan.)
1005 3595 1130 3658 samm,
1139 3591 1229 3661 βγ...
1241 3612 1246 3621 “

100 3661 153 3725 flos
169 3663 218 3712 eius
234 3679 332 3727 quoque,
348 3679 369 3713 r.
392 3704 424 3712 -
449 3662 550 3725 metior,
564 3656 676 3716 OVTd.
692 3671 785 3727 amtor,
796 3665 828 3716 Β
843 3664 932 3729 ucrsbr,
943 3660 973 3727 β.
992 3705 1024 3716 -
1041 3678 1137 3727 muros,
1148 3663 1181 3714 R
1198 3703 1230 3714 ..

108 3729 215 3792 maseuli,
226 3734 251 3782 d.
269 3771 301 3780 ..
323 3729 455 3794 liberiestis,
466 3732 499 3783 Β.
517 3771 550 3781 ..
567 3728 669 3780 &imus
680 3738 722 3795 20,
735 3734 792 3784 172.

142 3817 212 3894 §bit
230 3831 375 3877 amaccura,
387 3816 472 3893 RVd.
494 3830 630 3877 monacus,
641 3809 692 3879 βγ.
711 3856 743 3866 ..
765 3815 858 3866 homero
870 3814 951 3878 coum,
962 3815 1027 3868 RV.
1045 3856 1077 3866 ..
1095 3812 1231 3879 sepullum,

108 3881 134 3931 Β
145 3878 196 3943 (uh
209 3881 328 3946 semper).
347 3923 379 3932 ..
398 3898 487 3944 omaso,
499 3897 549 3934 om.
560 3883 741 4000 gif-Deabpt
751 3882 978 4002 Vpssnpaabvetffibs
974 3924 1023 4002 {or
1026 3882 1116 4001 pplopi³
1121 3884 1154 3933 R.
1171 3880 1232 3998 flpp,

109 3947 657 4082 llis,'i.f³f²⁰ll,}³zl‘effizill‘it‚aia
667 3964 1001 4083 sfflslssmpy'mssr.
1023 3988 1029 4002 ’
1064 3987 1071 4012 ’
1118 3986 1176 4000 ’“

142 4111 211 4172 560.
234 4107 313 4170 floret,
330 4110 387 4160 RV
403 4107 490 4172 (codd.
504 4106 574 4172 Gel.)
592 4109 650 4162 Om.
668 4111 692 4161 d.
714 4108 756 4159 De
771 4109 822 4159 hac
834 4109 923 4173 planta
934 4126 957 4159 v.
969 4110 1089 4159 Diosccr.
1102 4113 1127 4170 8,
1139 4113 1180 4160 26.
1198 4146 1229 4159 .-

109 4174 438 4295 ἕείιῆεῗοξὶωὲοῗιξῖὲῗῧί.)
464 4185 562 4279 aestate.
579 4177 651 4240 Flos,
666 4172 696 4239 β.
715 4175 766 4241 flos
781 4183 827 4238 est,
843 4179 867 4227 d.
894 4184 929 4224 cst
943 4183 1022 4226 autem
1031 4173 1095 4240 fios,
1111 4172 1230 4240 dvlppr.
