2754 4726
50 301 114 369 280
404 315 607 362 nannenus
630 314 824 362 mesonma

50 487 197 552 saporem
223 465 341 532 habere
368 466 495 544 dicunt,
523 476 697 550 auctorque
727 477 777 530 est
797 464 1040 551 Theophrastus
1063 488 1180 535 murra

50 575 120 633 sate
139 577 262 632 natum.
295 565 545 654 Hipposelinum
566 576 690 632 veteres
711 578 943 652 praeceperant
962 567 997 633 in
1017 566 1103 635 locis
1123 569 1178 633 in·
1194 587 1236 633 rea

61 669 173 747 cultis,
203 666 373 754 lapidosis·
390 666 482 733 iuxta
512 666 683 732 maceriam
709 667 787 743 seri3
819 688 905 733 nunc
925 678 959 733 et
978 668 1179 754 repastinato

60 771 179 838 seritur
204 780 238 836 et
264 791 285 834 a
311 767 438 835 favonio
465 777 540 853 post
559 767 798 852 aequinoctium
819 779 1023 846 autumnum,
1053 767 1180 854 quippe

56 894 131 939 cum
153 869 288 957 cappari
308 890 437 952 quoque
459 877 585 932 seratur
605 867 699 933 siccis
720 889 885 945 maxume,
916 889 992 933 area
1011 867 1046 934 in
1066 868 1178 936 delos·

55 995 127 1039 sum
158 981 272 1038 cavata
304 967 446 1055 ripisque
478 967 620 1052 undique
654 967 903 1033 circumstructis
936 968 1060 1055 lapide;
1097 969 1178 1036 alias

52 1086 209 1160 evagatur
229 1092 288 1157 per
309 1090 404 1157 agros
419 1079 452 1135 et
467 1067 555 1154 cogit
569 1066 673 1133 solum
688 1068 896 1134 sterilescere.
917 1067 1029 1136 Floret
1041 1081 1177 1150 aestate,

51 1174 136 1240 viret
160 1193 265 1255 nsque
291 1170 334 1234 ad
355 1169 562 1258 vergiliarum
588 1189 753 1248 occasum,
782 1167 940 1236 sabulosis
961 1168 1174 1237 familiarissi-

51 1295 156 1351 mum;
189 1269 267 1335 vitia
293 1269 364 1335 eius
393 1269 480 1354 quod
508 1269 723 1335 transmaria
749 1269 893 1335 uescitur
919 1270 1060 1337 diximus
1091 1270 1177 1338 inter

52 1373 241 1461 peregrinos
263 1369 406 1436 frutices.

94 1477 147 1540 49.
169 1470 383 1558 Peregrinum
405 1481 437 1537 et
457 1493 588 1537 careum
609 1472 717 1558 gentis
738 1494 816 1538 suae
825 1471 954 1538 nomine
966 1473 1176 1558 appellatum,
1189 1489 1232 1535 rm

54 1574 168 1643 culinis
182 1571 369 1661 principale,
390 1573 425 1637 in
444 1594 646 1657 quacumque
665 1585 751 1639 terra
764 1572 827 1639 seri
842 1572 909 1638 volt
922 1572 1047 1639 ratione
1063 1573 1176 1640 eadem

54 1698 120 1762 qua
144 1676 335 1751 olusatrum,
365 1672 621 1740 laudatissimum
651 1684 758 1740 tamen
784 1673 819 1739 in
842 1670 958 1752 Caria,
983 1694 1177 1760 proxumum

54 1775 211 1862 Phrygia.
859 1832 862 1839 ,

97 1875 150 1941 50.
177 1874 384 1965 Ligusticum
413 1874 562 1942 silvestre
588 1885 638 1940 est
663 1875 697 1940 in
718 1873 877 1965 Liguriae
898 1897 974 1941 suae
995 1871 1158 1940 montibus
1165 1896 1174 1951 ;
1188 1887 1229 1935 rtt

55 1976 173 2044 seritur
191 1976 256 2042 iam
276 1973 415 2062 ubique;
445 1977 577 2043 suavius
598 1975 736 2042 sativum
764 1976 822 2043 sed
843 1976 912 2043 sine
933 1974 1067 2043 viribus.
1110 1974 1175 2040 Pa-

54 2099 168 2144 nacem
187 2078 288 2163 aliqui
309 2087 434 2144 vocant..
456 2074 615 2143 Crateuas
636 2077 724 2163 apud
745 2074 889 2144 Graecos
910 2075 1048 2142 cunilam
1069 2074 1175 2142 bubn-

55 2177 120 2241 lam
140 2198 179 2241 eo
199 2178 328 2240 nomine
347 2177 504 2261 appellat,
533 2177 630 2242 ceteri
657 2177 724 2244 fere
751 2199 906 2262 conyzam
925 2175 961 2242 id
981 2187 1033 2242 est
1052 2176 1175 2243 cunila·

56 2275 185 2363 ginem,
218 2274 401 2359 thymbram
432 2297 510 2341 vero
541 2297 624 2361 quae
657 2278 701 2343 sit
728 2277 843 2344 confla
860 2346 863 2351 ,
879 2276 973 2344 Haec
998 2277 1087 2364 apud
1117 2291 1175 2344 n'os
1258 2322 1260 2327 ·

56 2373 155 2440 habet
179 2373 371 2441 vocabulum
398 2385 432 2440 et
458 2375 562 2455 aliud,
589 2378 730 2443 satureia
757 2377 842 2444 dicta
866 2378 901 2442 in
927 2376 1176 2444 condimentario

57 2497 186 2562 genere.
216 2473 342 2541 Seritur
362 2497 474 2542 mense
488 2475 679 2554 Februario,
701 2478 838 2567 origano
852 2478 987 2544 aemula.
1008 2476 1175 2564 Nusquam

57 2586 231 2660 utrumque
251 2576 395 2656 additur,
424 2577 545 2663 quippe
567 2577 678 2642 similis
700 2578 848 2656 effectum
879 2578 936 2643 sed
961 2577 1087 2644 cunilae
1107 2578 1175 2644 Ae·

57 2677 207 2764 gyptium
227 2676 395 2764 origanum
416 2687 540 2742 tantum
560 2678 750 2765 praefertur.
786 2742 790 2750 ,

95 2848 347 2979 Ξῗθσορῆνωίωὲιίει.
363 2849 444 2913 plant.
461 2849 510 2902 IX.
529 2856 556 2912 l,
573 2858 597 2901 t.
616 2889 648 2900 ..
671 2864 764 2911 murro,
780 2850 879 2914 Appul.
901 2850 1011 2913 marta,
1027 2866 1049 2903 r.
1071 2850 1175 2917 myrris,

58 2930 93 2968 ae
144 2931 171 2982 γ.
189 2957 221 2968 ..
239 2934 270 2969 ec
297 2933 339 2978 ‚a

92 2999 107 3062 §
121 3007 177 3053 103.
204 3009 348 3063 autumnum,
360 3003 424 3052 aed.
441 2998 556 3062 commui,
567 2995 596 3062 β.
616 3041 647 3050 -
669 2998 757 3064 quippo
767 3015 831 3063 eum3
843 3008 903 3052 ante
913 3001 978 3051 haec
987 3002 1065 3053 verba
1076 3016 1176 3053 necesse

57 3077 96 3120 est
106 3070 188 3120 multa
199 3069 378 3129 interciderint,
390 3084 447 3118 cum
460 3083 525 3132 quae
536 3076 676 3131 sequuntur
685 3067 758 3118 nullo
770 3082 871 3131 prorsus
881 3082 952 3118 nexu
959 3082 1018 3118 cum
1026 3071 1175 3132 pmeeeden-

57 3136 125 3188 tibus
136 3138 296 3189 cohaereant.
308 3178 340 3188 ..
359 3135 467 3200 cappari.
480 3136 555 3186 codd.
566 3135 646 3186 Hard.
663 3132 784 3198 cappanis,
792 3130 903 3199 acdssy.
920 3134 959 3185 At
969 3135 1015 3184 illa
1025 3135 1110 3187 forma
1121 3135 1175 3187 bl.

56 3203 223 3265 praeferenda
234 3213 273 3254 est
283 3202 610 3267 propterfamilr'ariseimam
621 3210 648 3253 et
659 3199 729 3265 quod,
742 3216 897 3266 quamquam
909 3202 972 3253 aliua
983 3202 1050 3251 Plin.
1064 3201 1176 3266 capparis

58 3269 125 3317 dicit.
144 3268 264 3320 Ceterum
276 3271 340 3319 haee
352 3278 412 3320 sunt
423 3279 525 3335 sumpta
536 3286 570 3320 ex
581 3270 714 3333 Theophr.
727 3267 744 3318 l.
753 3269 771 3319 1.
784 3268 832 3318 VL
845 3274 868 3330 0,
881 3273 906 3320 2.
924 3310 956 3320 -
974 3266 1102 3332 deJ'oeaum,
1113 3271 1176 3320 aed.

57 3331 159 3397 defossa,
169 3331 200 3397 β.
219 3374 251 3384 ..
268 3341 348 3396 cautu,
360 3336 426 3384 acd.
439 3376 471 3386 -
489 3335 602 3399 raptique,
614 3339 658 3386 cd.
675 3334 774 3398 raptare,
785 3349 809 3384 a.
823 3374 854 3385 ..
873 3334 938 3384 alica
947 3341 1073 3399 scopatur,
1085 3337 1110 3386 d.
1127 3334 1178 3385 aba

56 3407 175 3463 amatur,
188 3418 211 3452 a.
228 3400 282 3449 clia
293 3400 377 3462 revct',
389 3413 411 3450 c.
425 3439 456 3450 ..
466 3399 674 3463 familiarissima,
686 3402 777 3453 Dalec.
790 3442 821 3454 ,.
840 3400 911 3466 quod,
923 3404 988 3453 acd.
1006 3417 1076 3465 quoe,
1087 3403 1176 3454 Dolet.

57 3468 90 3519 Τ.
108 3508 140 3517 -
159 3466 262 3518 dabimus
276 3473 316 3530 1³,
330 3472 387 3519 127.
406 3506 437 3516 ..
448 3465 561 3529 frutices,
573 3481 625 3516 om.
637 3480 660 3517 c.

90 3558 106 3621 ξ
120 3563 177 3611 164.
204 3557 371 3624 Pereqrinum,
382 3573 434 3609 om.
447 3573 469 3637 c.
493 3598 533 3637 ·.
549 3556 626 3637 pectis
636 3574 703 3622 saue,
715 3561 840 3613 TKaed.
859 3557 971 3624 aarum,
982 3558 1080 3626 appu.
1101 3532 1177 3627 pairs

56 3626 101 3690 mi,
111 3621 164 3694 βγ.
182 3668 214 3679 -
232 3642 322 3689 nomen,
333 3639 377 3678 ac.
396 3665 429 3676 ...
446 3641 472 3676 m
483 3622 576 3689 mma,
587 3626 684 3692 Appul.
703 3669 734 3678 -
749 3625 917 3692 principalem,
927 3627 974 3678 ad.
1224 3650 1230 3663 =

90 3720 176 3783 §leta
201 3716 356 3783 Liqrtstioum,
373 3718 446 3768 codd.
459 3716 526 3779 uel,
541 3716 745 3783 Appulpm.
770 3716 957 3783 Liqueuicum,
973 3721 1037 3770 aod.
1062 3760 1095 3771 ..
1121 3721 1177 3782 iam,

55 3793 130 3836 vetus
141 3788 198 3836 cod.
210 3801 251 3851 ap.
263 3785 373 3837 Salmas.
385 3798 469 3836 exerc.
480 3799 506 3850 p.
520 3790 577 3837 000.
590 3801 613 3836 a.
624 3785 659 3837 A.
680 3801 723 3836 nec
733 3786 811 3835 mimas
821 3785 880 3848 tam,
889 3785 988 3849 Appul.
1010 3785 1092 3850 stiam,
1103 3789 1177 3840 'l'ed

56 3848 227 3918 Omittastr.
240 3892 271 3903 ..
289 3849 428 3913 anesum
436 3851 535 3918 Appul.
552 3851 665 3914 mnsam,
675 3855 776 3904 Thoan.
786 3861 813 3904 et
820 3852 914 3917 Rigalt
923 3853 1176 3918 apstrlmaaexarc.

55 3933 81 3983 p.
94 3925 151 3971 000.
164 3919 230 3972 aB.
253 3960 285 3970 ..
312 3917 402 3982 cetere,
419 3922 443 3971 d.
467 3960 499 3971 ..
526 3936 637 3985 cocytum
653 3918 681 3969 id
695 3928 737 3983 eat,
752 3921 817 3971 acd.
842 3919 1014 3985 commictae,
1032 3922 1136 3975 Thnan.
1152 3932 1177 3974 et

56 3986 153 4050 Rigalt.
179 3985 287 4036 mamam
298 3983 366 4048 idern,
375 3988 408 4039 Κ.
434 4002 523 4052 conyza
533 3986 725 4053 midmsppul.
750 3983 935 4052 mayroider,st.
960 3989 1176 4053 cmyramcrmr'lo-

54 4052 146 4117 pinea,
161 4051 233 4104 tidem
248 4069 303 4103 vero
319 4052 449 4119 thymbram
464 4069 526 4118 quae
541 4054 580 4116 eit,
594 4055 686 4106 Dalec.
708 4094 741 4105 ..
767 4053 931 4118 commolimus,
949 4056 1060 4118 Thuan,
1072 4058 1177 4122 Rigalt,

55 4119 154 4185 Appnl.
172 4161 204 4172 ..
230 4119 532 4187 thymbramcmppul.)
554 4121 686 4187 thymbrae,
699 4135 723 4172 a.
747 4118 864 4187 thymbra,
876 4125 900 4173 d.
918 4163 950 4172 ..
968 4121 1065 4186 coltile,
1077 4123 1176 4190 Appul.

55 4187 250 4251 maiestated.
273 4227 306 4239 ..
331 4185 610 4253 ratrammdepnl.)
634 4189 765 4253 camapio,
778 4203 800 4239 c.
825 4189 994 4254 anteaquam
1018 4230 1050 4241 -
1072 4190 1176 4250 σωκῶ,

54 4253 153 4322 Appnl.
170 4251 270 4318 aemula
281 4256 347 4309 aod.
361 4295 392 4308 -
411 4253 545 4320 Nequam
557 4257 621 4309 aod.
640 4264 664 4305 et
674 4254 726 4306 ideo
736 4271 859 4322 nusquam,
869 4257 967 4323 Appul
980 4297 1011 4308 ..
1030 4258 1139 4323 armare,
1150 4261 1174 4310 d.
