2754 4726
382 319 555 369 marma.
585 321 664 369 err.
680 321 781 371 xxiv.
812 322 910 371 saer.
926 326 956 370 n.
1168 306 1228 373 12⁷

104 494 236 559 quoque
258 492 340 556 quae
362 483 616 538 maturescentes
638 485 706 538 tum
728 486 804 539 sunt
824 476 995 561 praecipue
1017 472 1167 542 caducae.
1190 474 1228 541 ld
1242 498 1289 543 aar

103 575 212 663 riguis
233 573 338 660 magis
359 575 476 652 evenit,
500 574 625 639 etiamsi
646 597 710 639 non
731 576 887 654 cecidere,
907 577 1118 642 fastidiendis.
1145 577 1228 643 Sunt

103 688 139 742 et
161 674 302 741 culicum
323 697 442 760 genera
469 674 586 759 aliquis
611 676 764 754 molesta,
792 687 829 741 ut
856 677 1043 764 glandibus,
1069 678 1145 756 ilco,
1172 678 1229 762 qui

103 778 258 843 videntur
286 798 326 839 ex
353 797 464 839 umore
486 776 586 854 nasci,
614 786 682 840 tum
709 776 797 842 dulci
824 777 954 842 subdito
983 778 1169 855 corticibus3
1198 791 1231 843 et

85 878 285 966 aegrotatio
304 876 437 959 quidem
459 876 528 942 iere
549 877 585 940 in
605 876 656 942 his
678 890 736 943 est.
760 877 930 959 Quaedam
953 892 1131 964 temporum
1152 902 1229 944 cau·
1244 899 1292 945 aaa

104 1003 164 1047 sae
184 989 241 1043 aut
262 979 405 1043 locorum
426 1000 491 1042 non
512 978 640 1063 proprie
661 978 809 1043 dicantur
835 978 951 1057 morbi,
982 981 1133 1063 quoniam
1155 1002 1231 1066 pro-

105 1080 196 1144 tinus
218 1088 344 1156 necant,
368 1078 452 1143 sicin
473 1078 561 1143 tabes
584 1101 657 1143 cum
678 1079 798 1144 invasit
819 1079 967 1145 arborem
988 1091 1043 1144 aut
1058 1081 1159 1146 uredo
1180 1080 1231 1145 vel

104 1178 204 1245 datiis
230 1179 366 1244 alicuius
394 1179 536 1266 regionis
561 1180 722 1266 proprius,
750 1192 787 1244 ut
807 1192 856 1246 est
876 1182 909 1246 in
930 1181 1052 1268 Apulia
1072 1181 1231 1259 atabulus,

105 1281 142 1346 in
164 1279 300 1345 Euboea
322 1277 511 1366 Olympias3
537 1279 591 1346 hic
612 1281 696 1346 enim
719 1281 746 1346 si
767 1281 856 1347 flavit
877 1283 963 1348 circa
989 1283 1148 1360 brumam,
1175 1283 1231 1346 fri-

105 1404 189 1469 gore
210 1380 318 1446 exurit
336 1380 515 1446 arefaciens
536 1391 573 1445 ut
594 1382 689 1447 nullis
711 1395 824 1467 postea
851 1382 970 1448 solibus
997 1383 1132 1449 recreari
1154 1404 1231 1468 pos·

108 1483 185 1573 sint.
218 1481 294 1548 Hoc
319 1504 438 1569 genere
467 1482 628 1548 convalles
656 1494 687 1548 et
713 1483 860 1569 adposita
879 1482 1065 1548 fluminibus
1086 1484 1232 1549 laborant

107 1582 347 1670 praecipueque
373 1581 461 1660 vitis,
490 1583 571 1662 olea,
597 1584 687 1648 ficus.
726 1582 823 1664 Quod
851 1607 925 1650 cum
947 1583 1043 1662 venit,
1074 1583 1233 1669 detegitur
1246 1600 1300 1651 aaa

110 1684 222 1749 statim
247 1685 282 1748 in
309 1682 556 1770 germinatione,
588 1684 623 1748 in
652 1684 737 1749 oliva
765 1685 903 1760 tardius;
938 1684 995 1751 sed
1023 1685 1057 1748 in
1083 1684 1233 1750 omnibus

110 1785 243 1873 signum
268 1795 318 1849 est
344 1783 583 1863 revivescendi,
615 1786 643 1849 si
670 1784 746 1850 folia
776 1786 929 1861 amisere3
963 1785 1119 1869 alioquin,
1151 1806 1233 1869 quas

112 1897 211 1971 putes
231 1884 462 1972 praevaluisse,
485 1883 675 1947 moriuntur.
695 1884 946 1969 Nonnumquam
959 1885 1143 1949 inarescunt
1157 1884 1234 1949 iolia

112 1986 290 2070 eademque
311 1985 524 2050 revivescunt.
561 1983 655 2048 Aliae
681 1983 715 2047 in
742 1984 835 2048 terris
858 1983 1170 2069 septentrionalibru,
1197 1992 1235 2046 ut

114 2087 149 2153 in
169 2088 287 2165 Ponto,
313 2085 469 2172 Phrygia,
496 2085 616 2172 frigore
642 2095 699 2149 aut
718 2086 795 2172 gelu
816 2084 975 2163 laborant,
1003 2085 1031 2150 si
1057 2095 1131 2170 post
1155 2082 1232 2148 bru-

115 2211 202 2255 mam
229 2189 458 2255 continuavere
483 2208 528 2250 xa
555 2185 687 2262 diebus3
725 2186 829 2252 stibi
855 2196 962 2250 autem
989 2198 1022 2251 et
1049 2187 1083 2250 in
1103 2186 1235 2270 reliquis

117 2289 275 2377 partibus,
297 2290 325 2355 si
347 2289 492 2375 protinus
513 2287 607 2352 editis
628 2287 784 2353 fructibus
806 2287 925 2373 gelatio
939 2310 1056 2374 magna
1070 2288 1122 2353 vel
1136 2310 1235 2372 aqua-

82 2464 88 2471 ,
116 2414 190 2456 rum
210 2389 406 2457 abundantia
426 2411 543 2474 magna
570 2400 743 2454 consecuta
769 2399 829 2468 est,
857 2386 954 2454 etiam
980 2391 1093 2475 paucis
1121 2389 1236 2455 diebus

120 2503 223 2559 uacat.
246 2491 340 2573 Quae
360 2489 478 2555 iniuria
494 2488 659 2554 hominum
673 2500 823 2554 constant
844 2511 954 2554 secum
972 2489 1093 2556 babent
1112 2508 1300 2554 caussasse

121 2592 193 2672 Pix,
213 2593 329 2671 oleum,
351 2591 444 2675 adips
464 2590 595 2654 inimica
616 2590 790 2673 praecipue
811 2591 953 2653 novellis.
977 2589 1107 2655 Cortice
1129 2592 1162 2655 in
1183 2615 1230 2655 or·

121 2694 195 2761 bem
212 2693 357 2759 detracto
377 2701 545 2767 necantur,
568 2699 703 2773 excepto
725 2688 858 2766 subere,
887 2689 973 2771 quod
1001 2690 1048 2754 sic
1070 2692 1165 2754 etiam
1185 2692 1233 2755 iu·

125 2804 233 2871 utrm
259 2814 462 2860 crassescens
485 2790 570 2856 enim
591 2788 803 2876 praestringit
824 2797 855 2852 et
875 2788 1070 2873 strangulas
1098 2812 1159 2854 nec
1179 2813 1232 2853 an·

127 2894 253 2962 drachle
272 2894 458 2971 offenditur,
481 2892 509 2957 si
529 2913 595 2956 non
618 2890 712 2956 simul
732 2889 892 2956 incidatur
912 2899 945 2955 et
959 2911 1086 2974 corpus.
1108 2890 1239 2975 Alioqui

127 3007 159 3061 et
176 3018 305 3062 cerasus
326 2995 449 3061 attilia
469 3003 502 3058 et
522 2993 597 3058 vitis
618 2991 769 3058 corticem
789 2991 930 3067 mittunt,
954 2989 1092 3055 sednon
1111 2991 1239 3056 vitalem

128 3116 185 3161 uec
203 3119 396 3183 proxumum
418 3094 555 3181 corpori,
578 3117 690 3160 verum
711 3116 785 3158 eum
807 3093 862 3176 qui
878 3090 1089 3156 subnascente
1104 3092 1166 3157 alio
1182 3116 1239 3158 ex·

131 3269 205 3332 plaut
216 3270 250 3321 V.
264 3275 304 3329 10,
318 3275 341 3320 1.
353 3279 379 3321 et
389 3269 448 3320 hist
461 3270 542 3334 plant.
554 3268 601 3316 IV.
616 3273 655 3327 15,
670 3272 708 3315 11.
728 3288 763 3313 ..·
770 3264 922 3325 saceraad.
942 3306 972 3314 ..
991 3267 1179 3328 mead...
1199 3285 1240 3318 ar.

132 3344 228 3401 m,
239 3335 341 3398 medem,
353 3340 377 3389 d.
395 3344 477 3386 aretur
488 3351 554 3385 rame
565 3332 671 3397 edema
690 3374 721 3382 ..
741 3329 903 3394 ἅνορριίς,ηᾶ.
923 3371 953 3380 -
978 3339 1033 3394 mm,
1048 3324 1119 3385 Oad.
1138 3333 1240 3398 arnapi,

161 3406 245 3483 5181.
274 3403 337 3455 Sunt
348 3403 479 3454 straticum
489 3419 577 3470 yeaera
589 3417 667 3466 seqq,
679 3401 811 3463 Theophr.
823 3400 883 3448 hist
894 3399 974 3462 plant
983 3400 1030 3450 IV.
1042 3408 1081 3462 14,
1093 3409 1131 3452 10.
1144 3444 1176 3452 -
1194 3403 1240 3452 ali-

60 3500 62 3523 :
132 3486 220 3535 quaa.
237 3468 448 3536 olipaibas,dstr.
466 3513 497 3522 ..
516 3468 628 3526 modam,
641 3486 664 3519 a.
683 3509 714 3518 ..
734 3476 822 3526 tuma.
842 3474 903 3525 tunc,
916 3462 987 3531 dssr.
1006 3509 1037 3517 ..
1056 3467 1172 3527 ἅψῃ

160 3541 244 3604 ΗΒΞ.
271 3538 389 3600 dicantar,
403 3533 453 3588 Oa.
471 3537 588 3598 dicantar,
601 3532 672 3600 ᾱβγ.
691 3575 722 3585 ..
740 3532 861 3589 invaserit,
874 3534 926 3584 Τὰ.
946 3575 976 3582 -
990 3535 1101 3598 florete,
1113 3539 1165 3588 Τά.

60 3634 63 3641 ·
86 3628 90 3635 ·
161 3609 246 3670 5183.
272 3607 343 3668 venit,
355 3600 454 3657 erar.
477 3606 584 3666 manarit,
595 3600 625 3666 β.
644 3645 675 3652 ..
697 3599 862 3662 revivescendi,
874 3618 897 3651 a.
920 3601 1080 3665 reuioucendss
1092 3600 1142 3666 ᾱβ.
1161 3646 1192 3654 ,,
1210 3606 1242 3667 si,

133 3675 266 3725 animan
285 3715 317 3724 ..
340 3672 454 3737 alioquin,
467 3689 490 3723 a
512 3671 608 3735 alioqui,
621 3666 693 3735 Gay.
712 3712 743 3718 -
767 3669 904 3728 moriuntur,
917 3672 960 3719 ad.
982 3670 1119 3732 morabatur,
1135 3666 1164 3722 θ.
1181 3689 1242 3721 cmc-

60 3758 62 3763 ·
131 3738 227 3803 marr,
236 3737 291 3807 aa.
310 3782 341 3791 ..
359 3741 512 3801 revivescant,
527 3735 596 3790 ead.
614 3738 761 3797 reviviscant,
772 3732 801 3798 β.
821 3778 852 3785 -
870 3734 937 3797 Atia,
949 3753 971 3786 a.
991 3777 1022 3786 ..
1040 3737 1065 3786 in
1077 3740 1241 3801 terrmflard.

60 3796 63 3867 i
132 3804 230 3865 ‘ulma
254 3803 376 3874 imdssr.
400 3814 431 3857 4.
455 3807 560 3868 alind.
587 3801 704 3869 atassr.
724 3846 754 3853 ..
773 3803 910 3868 fraqima.
929 3845 960 3854 ..
987 3803 1241 3866 etibicatem,codd.

132 3874 186 3928 dal.
213 3876 385 3936 cucuma
412 3873 516 3936 sbi,'l'd.
539 3916 570 3925 ..
595 3871 727 3938 palatiad.
754 3870 872 3933 ueletiam,
884 3887 907 3921 a.
924 3912 956 3920 -
979 3887 1068 3936 mcpac
1078 3873 1241 3937 aduenarum

130 3940 279 3994 macaria
289 3959 387 4007 mayoc,
397 3944 485 3993 Dalsc.
504 3958 592 4006 mapsa
603 3938 640 3991 vel
650 3937 800 3988 abundantia
811 3955 906 4003 mayoc,
918 3954 938 3989 r.
955 3955 1052 4004 mayoc,
1064 3937 1158 4005 adssr.

69 4014 74 4027 '
158 4010 246 4073 §aaa
278 4009 384 4069 tonina,
397 4012 420 4059 d.
440 4051 470 4059 ..
489 4017 586 4068 coartat,
599 4009 643 4056 ad.
663 4048 693 4055 -
711 4023 796 4069 accam,
809 4008 893 4057 Ta²d.
911 4005 1051 4066 secumdam,
1063 4010 1097 4058 a¹.
1120 4007 1242 4070 secandas,

129 4073 175 4144 dr.
201 4120 232 4129 ..
261 4077 320 4137 Pir,
332 4075 405 4125 oleam
418 4093 461 4140 seq
481 4114 495 4136 .,
507 4092 530 4125 v.
543 4075 673 4138 Theophr.
686 4074 745 4124 hist.
757 4076 837 4138 plaut.
849 4075 897 4124 IV.
911 4079 950 4133 17,
965 4081 988 4124 l.
1005 4084 1030 4124 st
1041 4078 1072 4125 de
1084 4091 1150 4125 caus.
1163 4078 1243 4139 plant.

130 4144 159 4196 V.
172 4153 214 4207 15,
227 4153 252 4198 6.
272 4187 303 4195 ..
323 4142 405 4206 adeps,
417 4093 509 4207 addr.
530 4185 560 4193 ..
579 4144 640 4200 orbe,
654 4143 697 4190 ad.
721 4143 835 4205 Sumpsit
846 4142 909 4191 haec
920 4143 986 4191 Plin.
999 4158 1032 4191 ex
1043 4142 1174 4207 Theophr.
1185 4145 1243 4193 hist.

130 4215 268 4279 mlv.
283 4219 322 4272 15,
337 4217 359 4260 1.
385 4252 416 4260 ..
443 4209 579 4261 andrachle.
596 4211 631 4258 ita
646 4224 694 4258 nos
711 4211 863 4272 scripsimus.
888 4207 1076 4268 audracle‚Dd.
1103 4209 1208 4270 adreclc,
1221 4227 1243 4260 a.

128 4281 256 4343 ababa,
268 4278 373 4331 aarum
384 4274 435 4341 βγ.
452 4279 486 4328 v.
498 4280 530 4328 aa
544 4283 582 4337 rs,
598 4283 654 4326 120.
674 4316 705 4324 -
723 4275 828 4340 saque
840 4267 888 4326 Oa.
906 4274 1029 4339 auoque,
1042 4272 1091 4337 ᾱβ.
