2754 4726
168 299 231 365 ³46
520 314 724 362 usuunnnis
746 313 936 363 mosomus

167 466 284 534 dolore
308 465 430 533 Eadem
443 477 583 533 strumus
597 477 629 531 et
642 465 803 552 parotidas
824 485 997 550 penesque,
1019 465 1133 532 addita
1147 467 1295 536 bominis
1309 491 1352 535 ms

168 567 278 644 saliva
301 579 420 655 purgat
440 569 520 634 citra
541 568 664 635 volnus.
697 564 814 633 Semen
835 566 869 631 in
890 566 963 631 vino
984 567 1078 654 nigro
1100 578 1218 652 potum
1239 572 1294 656 pi.

167 669 249 737 tuita
270 681 302 735 ot
324 670 448 736 nausiis
461 668 576 736 liberat
581 693 591 744 3
613 667 705 733 radix
719 689 926 733 mammarum
940 666 1025 732 vitiis
1039 669 1181 733 occurrit
1201 671 1293 736 adnl-

166 770 267 861 ligsta
291 771 326 836 in
354 771 429 837 lana
454 771 565 856 nigra,
602 768 714 834 tussim
742 769 776 832 in
808 769 891 834 lacte
916 777 1008 834 cocta
1033 778 1067 833 et
1100 768 1294 837 sorbitionis

166 871 262 939 modo
283 886 412 959 sumpta
432 871 541 958 quinis
561 869 675 936 diebum
697 870 855 936 emendat.
878 867 1049 934 Stomacho
1063 869 1189 936 inutilis
1203 867 1292 937 Sex·
1305 893 1349 959 aas

167 972 232 1041 tius
253 972 355 1060 Niger
375 972 465 1051 dicit,
487 969 658 1055 Olympias
671 968 826 1035 Thebana
840 969 1000 1036 abortivas
1016 991 1087 1036 esse
1102 991 1179 1035 cum
1194 971 1293 1056 adipe

166 1074 304 1151 moerim
336 1073 437 1158 aliqui
461 1071 594 1159 purgari
620 1071 755 1136 feminas
784 1069 871 1137 loliis
899 1091 1007 1136 earum
1034 1091 1150 1137 manus
1172 1071 1291 1155 plenae

166 1196 317 1243 mansius
336 1175 370 1240 iu
391 1175 462 1241 oleo
483 1184 514 1240 st
536 1173 612 1239 vino
634 1171 780 1256 sumptis.
804 1170 928 1254 Utique
942 1180 1066 1236 constat
1080 1172 1291 1256 parturientis
1335 1172 1339 1183 '

167 1275 253 1343 ruiis
275 1274 446 1342 substratis
466 1275 603 1343 colenus
624 1272 720 1350 solvi,
742 1273 888 1359 protinus
902 1277 929 1337 ‘a
949 1282 1043 1356 partu
1061 1273 1289 1352 revocandum,

166 1399 207 1445 uo
228 1376 325 1444 volva
345 1384 509 1460 sequatur.
538 1373 629 1439 Dant
650 1383 682 1438 et
702 1395 815 1439 sucum
841 1372 1015 1439 bibendum
1036 1372 1290 1456 parturientibus
1302 1389 1344 1438 nu

165 1477 282 1545 ieiunis
307 1477 341 1542 iu
367 1477 443 1545 vino
468 1475 621 1542 decoctae
646 1474 790 1552 hemina3
819 1474 898 1558 quin
927 1486 960 1540 et
980 1494 1090 1538 semen
1112 1473 1289 1559 adalligant

166 1577 316 1647 brsoobio
334 1577 475 1667 geniale
496 1599 562 1642 non
583 1575 827 1653 continentium,
849 1574 994 1660 adeoque
1015 1573 1126 1640 veneri
1147 1596 1287 1641 naseun-

166 1687 234 1755 tur,
267 1688 300 1747 at
326 1699 436 1745 semen
462 1677 620 1744 minuis
640 1676 831 1762 adspersum
853 1675 986 1761 genitali
1005 1674 1197 1741 feminarum
1218 1677 1287 1741 avi-

166 1778 285 1846 ditates
305 1800 425 1866 augore
445 1778 488 1844 ad
509 1777 668 1843 infinitum
689 1775 893 1842 Xenocrates
920 1775 1031 1853 tradit,
1058 1775 1203 1862 itemque
1231 1777 1288 1841 tris

166 1878 291 1945 radium
317 1880 409 1945 iuxta
433 1878 640 1967 adalligatus,
673 1888 813 1943 tenesmo
838 1888 872 1943 et
897 1876 1100 1962 dysintericis
1121 1877 1287 1943 utilissime

165 1979 301 2058 mundi,
322 1979 400 2047 itam
414 1979 501 2047 sodis
523 1978 621 2056 vitiis,
642 1977 694 2043 vel
709 1978 737 2044 si
750 1977 926 2043 foveantur.
948 1975 1193 2043 Melancholicis
1207 1998 1286 2062 quo-

166 2099 230 2163 que
252 2101 348 2147 sucus
369 2080 465 2145 datur
479 2079 603 2163 cyathis
624 2079 725 2143 ternis
736 2079 877 2163 tepidus,
900 2088 933 2143 et
951 2077 1187 2144 insanientibus
1209 2099 1285 2162 qua·

166 2181 283 2256 ternis,
306 2179 456 2245 decoctam
474 2177 690 2246 comitialibus
711 2178 856 2244 heminae
878 2179 964 2254 suoi3
991 2178 1044 2244 bie
1064 2188 1098 2244 et
1118 2178 1336 2244 ealcmosisnu

166 2289 200 2345 ot
212 2278 376 2345 inflatione
391 2289 423 2343 et
438 2277 628 2344 torminibus
641 2288 697 2343 aut
708 2279 912 2364 opisthotono
925 2276 1146 2347 laborantibus
1161 2281 1286 2366 tepidus

164 2378 318 2445 inlinitur.
354 2377 400 2444 Et
426 2378 526 2446 saeris
553 2378 685 2467 ignibus
714 2391 746 2446 et
773 2380 930 2446 ambustis
956 2380 1091 2447 decocta
1118 2380 1154 2444 in
1182 2381 1285 2447 oleum

200 2584 286 2645 dolere,
303 2586 339 2636 its
350 2601 397 2638 nos
408 2586 561 2650 scripsimus.
585 2583 671 2646 dolore,
684 2588 710 2637 V
722 2584 846 2651 (Appul.)
869 2585 984 2648 adolere,
996 2588 1049 2637 Td.
1072 2585 1148 2650 dolor,
1158 2582 1230 2652 αβγ.

199 2673 284 2735 5225.
310 2685 397 2733 panos,
413 2671 488 2719 Vad.
512 2710 543 2719 ..
567 2677 665 2733 purqat,
682 2673 726 2719 ad.
750 2670 844 2735 nunqu,
862 2671 894 2721 V.
919 2680 1034 2736 punpunt,
1050 2664 1107 2722 OT.
1132 2713 1163 2722 ..
1187 2672 1287 2736 pituita,

166 2739 242 2788 Vad.
260 2753 277 2786 a
286 2736 384 2800 pituita,
395 2731 446 2800 βγ.
467 2778 498 2785 ..
516 2744 540 2785 et
550 2736 652 2798 nauseis,
664 2736 698 2786 V.
717 2753 746 2783 ex
757 2737 861 2799 nauseis,
873 2741 917 2788 ad.
936 2779 968 2787 ...
986 2738 1133 2800 sorbitiones,
1146 2741 1179 2790 V.

198 2825 283 2885 5226.
310 2818 386 2882 utiles,
398 2837 417 2868 r.
443 2820 1207 2883 AtvulgatamvindicatetismMacorFIoridus1963.„.
1236 2822 1287 2872 Uti-

65 2907 68 2913 *
164 2904 216 2950 que,
228 2890 282 2938 Vn.
307 2886 414 2949 Veiique,
428 2889 452 2937 d.
471 2929 502 2937 -
520 2886 581 2936 solui
591 2884 635 2937 sed
645 2884 673 2935 id
681 2886 797 2951 protinus,
809 2890 855 2938 11¹.
876 2887 937 2938 solvi
947 2888 990 2938 sed
997 2890 1116 2954 protinus,
1127 2891 1153 2940 K
1161 2893 1178 2938 ².
1198 2932 1230 2939 ..
1250 2908 1288 2940 re·

164 2953 302 3015 coeundam,
314 2955 369 3004 VT
381 2955 504 3021 (Appul.)
522 2953 664 3016 revocanda,
673 2955 705 3005 K.
724 2952 992 3021 reuocandum,udssy.
1016 2990 1023 3000 «

198 3041 282 3103 §m
301 3036 416 3102 decemo,
429 3034 529 3090 GVad
548 3037 650 3099 ducem,
661 3034 690 3100 β.
710 3079 742 3088 ..
763 3055 848 3100 semen,
863 3031 994 3091 evuco.
1016 3057 1093 3091 senten
1105 3040 1194 3102 tritum,
1206 3036 1237 3102 β.
1258 3083 1288 3095 ,,

163 3102 276 3169 adeoque,
286 3108 331 3155 ad.
348 3103 409 3155 adeo
420 3123 488 3170 quae,
500 3109 576 3158 V...
586 3121 675 3166 emere,
685 3107 763 3156 Vad.
781 3122 822 3154 eae
841 3107 933 3170 Veneri,
944 3103 995 3172 βγ.
1006 3149 1038 3157 ..
1052 3115 1082 3168 et,
1094 3110 1149 3158 Va.
1167 3115 1201 3169 ut,
1215 3104 1288 3175 (Ιβγ.

165 3213 197 3221 -
213 3172 321 3236 9enitoli,
333 3175 371 3223 uir
383 3176 473 3225 doctus
484 3190 525 3240 ap.
537 3175 687 3224 Barbarum.
705 3172 842 3234 curationis,
853 3172 968 3240 Vuddp
975 3190 1004 3239 φ.
1021 3175 1163 3235 curationes,
1172 3178 1197 3225 d.
1215 3178 1288 3226 cubo-

165 3238 232 3299 tibus,
242 3238 321 3289 Gran.
340 3241 414 3290 Certe
431 3250 486 3290 tum
502 3243 661 3292 scribendum
673 3249 745 3302 esset,
762 3244 831 3304 quod
842 3243 946 3306 propius
958 3259 973 3291 s
985 3246 1058 3293 codd.
1069 3243 1194 3307 scriptura
1206 3245 1291 3306 abest,

164 3304 291 3364 cubationi
305 3319 355 3366 qua
366 3321 429 3356 voce
440 3307 523 3356 Varro
536 3323 596 3357 usus
608 3315 646 3357 est
658 3310 688 3356 de
699 3309 761 3371 ling.
773 3310 832 3359 Lat.
844 3308 920 3358 VIII.
933 3315 974 3370 30,
987 3315 1037 3370 54,
1048 3311 1085 3359 ita
1101 3317 1129 3359 ut
1140 3309 1238 3359 cubatio
1246 3311 1289 3373 fe·

164 3369 281 3419 minarum
290 3371 323 3419 sit
330 3372 397 3420 idom
407 3370 591 3435 quodseuinae
602 3373 724 3435 cubantem
734 3391 758 3421 v.
767 3378 801 3425 ad
811 3378 851 3437 17,
863 3382 918 3426 105.
930 3376 1149 3441 suscripsimus.
1158 3376 1290 3428 subationi.

164 3438 263 3487 Vocem
274 3435 383 3495 subaudi,
401 3453 466 3500 quse
476 3438 577 3501 proprie
593 3438 624 3486 de
640 3453 714 3488 suum
726 3441 831 3492 libidine
843 3444 934 3493 dieitur
945 3439 983 3505 (8,
996 3448 1053 3493 205.
1074 3449 1113 3505 10,
1128 3443 1208 3506 182),
1219 3447 1290 3497 Plin.

165 3507 192 3554 h.
204 3504 220 3553 l.
238 3503 459 3568 καταχρηστικῶς
473 3505 506 3553 ad
520 3504 636 3554 mulieres
649 3506 797 3557 libidinosas
811 3511 953 3572 transtulit3
964 3526 987 3559 v.
1001 3511 1090 3561 Horat
1103 3513 1178 3574 epod
1195 3517 1289 3573 1211.

165 3572 261 3625 Eadem
275 3570 372 3620 radone
384 3571 488 3633 καπρᾶν
500 3573 568 3636 apud
578 3571 691 3623 Graecos
702 3575 807 3639 legitur,
819 3593 842 3625 v.
852 3577 964 3627 Meinek.
977 3581 1009 3627 ad
1021 3578 1155 3627 Menandr.
1167 3577 1289 3642 tragum.

165 3654 191 3702 p.
201 3640 258 3691 277.
269 3640 307 3686 ed.
319 3643 340 3687 1.
352 3676 382 3686 -
392 3637 479 3701 nuperi
488 3646 511 3687 et
522 3637 651 3701 infinitum,
661 3640 735 3692 Vad.
745 3684 777 3692 ..
788 3641 870 3704 tradit,
879 3645 912 3694 V.
932 3642 1022 3704 tradat,
1032 3639 1095 3704 udss
1100 3659 1125 3708 γ.
1136 3685 1168 3694 ..
1177 3643 1290 3709 iteanue,

169 3697 270 3754 OVad.
289 3703 351 3763 icon,
363 3698 391 3764 β.
406 3744 437 3754 ..
455 3711 509 3766 tres,
521 3707 576 3755 Va.
595 3715 621 3754 ut
633 3715 686 3768 tres,
699 3712 722 3759 d.
741 3751 772 3759 ..
795 3718 894 3759 tenesmo
906 3719 941 3772 et;
953 3727 999 3776 pro
1012 3712 1053 3761 his
1064 3727 1103 3760 vv.
1116 3712 1214 3762 habeut
1226 3721 1291 3764 tme-

165 3787 226 3820 smos
235 3772 290 3830 Vd,
309 3778 420 3820 tenesmos
431 3770 479 3820 sint
489 3789 512 3823 s.
524 3811 555 3821 ..
565 3772 664 3838 cuatus,
674 3777 729 3826 Vd.
748 3776 849 3840 quartis,
861 3793 884 3826 n.
896 3819 927 3826 -
937 3777 1067 3841 quaternis,
1076 3779 1131 3828 Vd.
1145 3779 1237 3830 Omiu.
1248 3797 1290 3832 ar.

199 3857 285 3917 §m
315 3853 360 3914 liic,
373 3855 427 3904 Vd.
449 3855 505 3918 His,
517 3852 587 3921 ειβγ,
610 3857 643 3919 is,
654 3859 687 3909 K.
705 3901 736 3910 -
756 3859 913 3923 opisthotono,
925 3863 958 3912 K.
976 3861 1117 3925 opestonico,
1130 3863 1165 3911 V.
1183 3862 1291 3925 epistite-

168 3921 250 3981 nnuc,
262 3917 356 3985 adssr.
375 3962 406 3971 ..
424 3925 540 3984 anomia,
553 3926 628 3974 Vad.
642 3967 673 3974 ..
692 3925 749 3986 oleo,
761 3928 792 3978 K.
807 3967 837 3977 -
858 3926 1023 3990 vulnerans.
1042 3928 1171 3989 eulaeum,
1183 3931 1218 3980 V.
1237 3929 1290 3980 utel·

167 4003 232 4049 nera,
245 3991 269 4038 d.
297 4029 328 4039 ..
355 3988 479 4053 infusione,
496 3991 550 4043 Va.
578 3993 699 4055 infusiuin,
716 3994 770 4043 Τὰ.
797 3994 931 4053 insessione,
943 3997 976 4046 K.
1000 4037 1031 4046 -
1059 3995 1290 4056 incusamusa

166 4057 311 4118 scripsimus
323 4058 424 4110 collatis
436 4061 517 4111 verbis
528 4061 706 4124 superioribus.
725 4059 806 4123 oleum
824 4061 931 4112 v'rau.
949 4063 975 4112 in
987 4062 1044 4122 oleo,
1055 4059 1101 4127 βγ
1111 4064 1143 4113 ad
1156 4066 1291 4128 superiora

167 4121 354 4198 relerentes...
371 4135 512 4188 pennatus,
524 4123 604 4178 Ova
621 4127 757 4190 permixtus,
769 4130 822 4179 Td.
838 4127 1039 4192 perimmuni
1054 4137 1126 4193 potus·
1135 4129 1289 4193 tatiani

168 4205 262 4252 amque
273 4199 371 4253 meatus,
382 4195 407 4246 K
415 4198 431 4243 ².
452 4235 482 4244 ..
500 4210 591 4253 succes,
604 4212 626 4244 a.
643 4194 748 4254 munius,
760 4197 844 4247 VTd.
1063 4203 1068 4208 ’

201 4260 286 4320 §m
313 4258 603 4322 irfiaminctiones,Vnd.
627 4260 768 4323 inflationes,
784 4255 838 4314 OT.
861 4263 1059 4325 inflammationes
1075 4263 1141 4314 tollit.
1166 4265 1290 4316 Pamin
