2754 4726
128 297 168 361 59
476 308 678 356 urrunnun
701 306 895 356 msroama

126 462 246 548 thyma,
275 459 389 538 Ponto,
418 459 618 537 Macedonia,
647 458 785 525 deterior
805 457 981 523 Aeneatic'a
1009 467 1042 522 et
1069 457 1242 537 Arcadica,

125 576 278 649 pessuma
298 561 453 625 Parnasia
475 571 506 625 et
527 559 685 638 Euboica,
708 559 858 644 quoniam
878 580 1022 624 ramosae
1043 557 1089 622 ibi
1111 569 1145 624 et
1166 582 1243 625 oon-

126 674 226 728 tortae
243 672 539 749 „putrescentesque
564 661 668 743 facile,
704 661 751 724 At
779 660 894 725 cedrus
921 659 954 723 in
984 657 1092 738 Creta,
1119 659 1243 737 Africa,

127 760 223 849 Syria
243 763 463 828 laudatissima
469 787 478 838 3
502 763 589 827 cedri
611 762 679 827 oleo
700 772 857 848 penmcta
878 761 1028 826 materies
1048 782 1108 825 nec
1125 761 1244 826 tineam

125 887 184 930 nec
206 864 323 930 cariem
346 863 450 929 sentit.
472 862 625 949 Iunipero
648 863 760 928 eadem
781 862 882 926 virtus
904 884 987 946 quae
1008 861 1122 936 cedr03
1151 872 1318 927 vastare

124 965 203 1030 baec
229 965 263 1029 in
285 964 445 1051 Hispania
473 985 686 1048 maxumeque
706 962 864 1028 Vaccaeis
871 988 880 1040 3
909 962 1048 1028 medulla
1073 962 1142 1028 eius
1168 963 1243 1029 ubi·

125 1089 261 1151 cumque
283 1066 414 1131 solidior
436 1065 532 1130 etiam
552 1087 648 1149 quam
671 1064 795 1128 cedrus.
831 1062 1001 1128 Publicum
1027 1062 1167 1128 omnium
1193 1065 1243 1130 vi-

126 1167 205 1232 tium
235 1177 350 1232 vocant
377 1165 498 1251 spiras,
531 1165 586 1229 ubi
620 1165 808 1230 convolvere
837 1186 871 1229 se
899 1186 998 1229 venae
1029 1175 1124 1248 atque
1156 1165 1244 1230 nodi.

124 1267 337 1333 Inveniuntur
362 1269 396 1332 in
423 1265 616 1352 quibusdam
639 1266 720 1332 sicut
748 1266 783 1329 in
808 1287 964 1330 marmore
992 1275 1102 1330 centra
1128 1265 1165 1330 id
1194 1276 1245 1332 est

125 1367 243 1433 duritia
265 1370 354 1434 clavo
377 1367 501 1445 similis,
528 1368 657 1432 inimica
679 1367 793 1442 serris3
823 1377 855 1431 et
877 1367 1034 1451 quaedam
1055 1365 1138 1431 forte
1160 1366 1244 1431 aeci·

125 1468 204 1533 dunt
224 1469 258 1533 in
279 1468 384 1556 lapide
406 1469 625 1554 conprehensa
647 1479 703 1532 aut
722 1477 852 1553 recepto
866 1467 900 1530 in
915 1489 1031 1552 corpus
1046 1478 1101 1532 aut
1114 1467 1245 1533 alteriue

125 1571 249 1637 arboris
277 1595 376 1637 ramo.
412 1570 557 1658 Megaris
584 1570 640 1633 diu
669 1568 755 1634 stetit
782 1568 918 1633 oleaster
938 1569 972 1632 in
1000 1569 1079 1646 foro,
1108 1568 1160 1633 cui
1182 1569 1318 1634 viril!

124 1672 221 1736 fortes
256 1673 433 1736 adfixerant
469 1693 558 1735 arma
584 1692 668 1753 quae
694 1669 811 1733 cortice
838 1669 998 1734 ambiente
1027 1680 1116 1734 aetas
1147 1670 1246 1757 longa'

125 1771 354 1849 occultaverat,
376 1771 498 1855 fuitque
521 1768 614 1835 arbor
635 1770 817 1835 illa-fatalis
841 1770 965 1835 excidio
988 1769 1076 1835 urbis
1097 1776 1245 1855 praemoss

124 1872 200 1938 uitis
221 1873 433 1949 oraculorum,
456 1895 529 1938 cum
550 1871 645 1937 arbor
666 1894 754 1936 arma
774 1872 964 1958 peperisset,
993 1871 1078 1955 quod
1099 1872 1246 1939 succisae

125 1974 252 2053 accidit,
273 1974 375 2040 ocreis
396 1973 561 2062 galeisque
582 1973 670 2037 intus
691 1972 836 2058 repertis.
859 1972 1120 2059 Feruntlapides
1133 1973 1181 2037 ita
1193 1973 1245 2038 in·

125 2087 236 2142 ventos
254 2077 297 2141 ad
314 2076 523 2142 continendos
541 2085 653 2161 partus
670 2097 741 2139 esse
758 2075 908 2139 remedio.
935 2072 1014 2138 XL.
1033 2073 1248 2160 Amplissima
1259 2081 1318 2136 ao<

126 2176 276 2241 arborum
298 2177 339 2240 ad
360 2177 421 2241 hoc
443 2176 514 2240 aevi
536 2176 747 2239 existumatur
761 2175 883 2240 Romae
906 2175 976 2240 visa
998 2198 1092 2260 quam
1113 2187 1249 2262 propter

126 2276 314 2341 miraculum
342 2275 491 2342 Tiberius
520 2273 640 2340 Caesar
672 2275 706 2339 in
737 2276 849 2340 eodem
880 2287 976 2362 ponte
1008 2277 1248 2344 naumachiario

127 2389 319 2463 exposuerat
340 2377 507 2442 advectam
529 2399 601 2442 cum
614 2376 737 2461 reliqua
751 2377 892 2454 materie,
914 2377 1103 2461 duravitque
1119 2379 1162 2443 ad
1175 2377 1245 2445 Ne-

31 2491 52 2536 ,“
127 2478 215 2541 ronis
243 2477 397 2564 principis
425 2477 692 2564 amphitheatrum
699 2503 708 2555 3
737 2478 799 2541 fuit
828 2488 934 2542 autem
964 2478 1072 2545 trabes
1099 2479 1247 2555 elarice‚

127 2578 224 2664 longa
244 2580 344 2665 pedes
366 2600 433 2642 cxx
454 2578 596 2665 bipedali
618 2578 828 2644 crassitudine
851 2579 1000 2663 aequalis,
1028 2603 1091 2665 quo
1118 2579 1245 2646 intelle-

127 2677 264 2766 gebatur
285 2680 340 2745 vix
362 2681 522 2746 credibilis
542 2680 665 2765 reliqua
690 2680 824 2745 altitudo
845 2681 1010 2768 fastigium
1030 2683 1071 2744 ad
1090 2703 1246 2748 cacumen

128 2783 390 2847 aestumantibus.
412 2781 491 2846 Fuit
504 2782 657 2846 memoria
677 2791 786 2846 nostra
807 2793 839 2845 et
860 2781 893 2844 in
915 2783 1094 2867 porticibus
1115 2794 1246 2870 saepto-
1259 2796 1303 2841 201

127 2903 198 2945 rum
220 2906 239 2946 a
260 2881 308 2949 M.
331 2882 482 2970 Agrippa
504 2883 615 2947 relicta
636 2904 738 2966 aeque
759 2881 902 2946 miraculi
924 2906 1031 2963 causa,
1060 2907 1142 2969 quae
1165 2885 1244 2949 diri-

127 2981 243 3049 bitorio
266 2986 478 3070 superfuerat,
499 3006 547 3047 xx
568 2982 706 3070 pedibus
727 2981 863 3061 brevior,
892 2985 1103 3071 sesquipedali
1122 2986 1246 3052 crassi-

162 3185 276 3244 deterior,
292 3181 390 3239 orac.
409 3190 546 3250 deteriores,
562 3185 591 3252 β.
605 3232 636 3240 -
654 3191 705 3240 Pro
717 3189 849 3239 Aeneatica
860 3192 965 3242 Barbar.
983 3190 1067 3240 Attica
1083 3193 1123 3241 vel
1134 3191 1246 3242 narica

128 3254 237 3303 coniicit.
256 3249 401 3321 Αἰνιανική,
415 3259 546 3322 Theophr.
558 3259 576 3307 l.
588 3259 605 3306 l.
617 3259 651 3308 V.
665 3265 688 3318 2,
703 3263 725 3308 l.
743 3300 773 3308 ..
789 3258 902 3322 pessima,
918 3253 989 3308 Oad.
1008 3259 1134 3322 pessimae,
1145 3253 1196 3323 βγ.
1210 3299 1244 3310 -

127 3318 227 3379 Εὸοἰεα,
239 3322 262 3369 (1.
284 3319 390 3383 Euboea,
407 3339 430 3372 a.
452 3362 478 3369 -
503 3340 599 3372 ramosa
614 3323 666 3385 cabi,
683 3341 705 3374 a.
725 3367 756 3375 -
779 3324 815 3373 At
830 3325 925 3386 cedma,
941 3327 1039 3376 Vitruv.
1057 3326 1093 3376 Π.
1110 3332 1134 3389 9,
1152 3332 1191 3376 19.
1210 3367 1244 3378 -

128 3387 222 3448 dueum,
235 3388 258 3436 d.
278 3387 367 3449 tiniam,
379 3406 402 3438 a.
420 3389 512 3449 mmcm,
525 3391 555 3438 T.

161 3458 247 3520 5198.
272 3455 392 3516 Vaccaeis,
407 3457 485 3506 Hard.
510 3456 619 3518 Vaccus,
637 3459 689 3507 Τό.
716 3476 802 3510 vaccae
817 3460 886 3520 elea
901 3458 1017 3523 (Barber.
1031 3466 1087 3512 754.
1102 3476 1142 3525 ap.
1155 3460 1245 3513 Garat.

128 3523 325 3574 adOic.Planc.
339 3530 379 3575 34.
392 3539 416 3588 p.
432 3521 501 3587 198.)
525 3525 609 3573 baccae
621 3525 677 3585 eius,
693 3521 722 3587 β.
741 3569 771 3577 -
799 3526 903 3578 medulla
914 3529 971 3590 eius,
987 3531 1011 3578 d.
1037 3526 1152 3576 medullae
1162 3528 1207 3591 im,
1220 3546 1245 3580 a.

128 3589 244 3638 medullae
255 3590 297 3652 vu,
309 3607 329 3639 r.
348 3632 379 3640 -
398 3589 545 3652 εεᾶηιε,(ι(1.
569 3591 652 3654 cedris,
668 3587 696 3642 θ.
714 3636 746 3644 ,.
770 3594 899 3656 convolare,
912 3600 947 3646 at
967 3637 998 3645 ..
1022 3594 1245 3658 inquitatem.

128 3656 276 3718 quibasdam,
289 3674 312 3707 a.
330 3699 362 3707 ..
390 3657 507 3720 accidant,
524 3664 565 3711 dr.
592 3660 712 3723 accedant,
733 3655 781 3711 Oa.
799 3702 831 3710 ..
858 3662 883 3710 in
895 3662 982 3728 lapide,
998 3656 1086 3712 Oadr.
1113 3670 1139 3710 at
1154 3661 1245 3728 lapide,

126 3722 216 3774 Dalec.
234 3723 321 3788 lapide,
331 3720 381 3790 βγ.

161 3794 176 3856 ξ
191 3797 246 3842 199.
268 3791 366 3854 excidii,
383 3795 407 3842 d.
430 3797 470 3844 De
486 3811 512 3845 re
528 3811 551 3845 v.
564 3797 694 3860 Theophr.
707 3797 724 3845 l.
738 3797 800 3846 LV.
815 3803 838 3857 2,
851 3804 874 3846 4.
894 3837 925 3845 -
945 3797 1112 3860 praemonitis,
1129 3800 1152 3848 (1.
1177 3807 1245 3862 poet·

126 3857 258 3919 monitae.
280 3861 452 3923 praemonitae,
467 3858 517 3927 βγ.
537 3905 567 3912 -
591 3861 743 3924 oraculorum,
756 3880 815 3925 cam,
832 3866 867 3914 ita
882 3879 931 3914 nos
947 3865 1097 3929 scripsimus.
1123 3864 1245 3916 oraculum

127 3939 222 3988 cama.
241 3926 405 3989 oraculocam,
419 3925 489 3994 (Ιβγ.
535 3974 538 3978 ⁴
1084 3945 1086 3949 '

161 3992 176 4054 §
190 3999 247 4072 900.
269 3993 416 4058 durauitque,
429 4000 472 4047 ad.
500 3995 604 4058 duravit,
615 4013 639 4063 γ.
659 4039 690 4047 ..
709 3999 793 4058 trabea,
806 4015 845 4048 ar.
865 3998 937 4059 baba,
951 3995 1021 4064 ᾱβγ.
1034 4013 1070 4049 ·..
1093 3999 1197 4064 aequati,
1208 4002 1244 4052 K.

127 4064 354 4191 -ffiqdrdma'
367 4145 417 4180 om.
430 4133 454 4181 d.
474 4172 504 4180 ..
523 4131 661 4192 delibitorio,
673 4148 712 4182 ar.
731 4130 875 4192 delabatorio,
889 4135 913 4182 d.
925 4175 957 4183 ..
975 4151 1042 4193 auae,
1055 4150 1077 4183 a.
1096 4133 1159 4196 navi,
1171 4129 1244 4200 (Ῑβγ.

125 4228 158 4240 ,
178 4196 243 4259 navi,
255 4199 278 4246 d.
291 4238 321 4246 ..
345 4192 555 4260 OXX,a(codd.
567 4199 622 4249 Gel.
635 4208 660 4249 et
672 4200 784 4263 plen'que
797 4214 837 4263 ap.
850 4200 928 4264 Zoeg.
942 4202 1043 4251 obelisc.
1056 4218 1080 4265 p.
1091 4199 1127 4263 8.)
1152 4209 1246 4252 centum

74 4335 85 4347 ·
124 4255 200 4326 XX,
217 4264 306 4316 Amor.
324 4264 345 4313 Ι,
375 4262 494 4328 CXXX,
516 4258 619 4317 erud
640 4263 1022 4329 (Vatic.1958.1954.,Palat.
1042 4267 1128 4331 raca)
1153 4277 1245 4320 carrum
