2754 4726
167 273 229 339 292
518 285 722 335 narunnms
744 286 940 336 mammas

170 437 289 508 coctos
311 438 426 504 deraso
448 437 567 504 cortice
589 459 629 502 ex
652 438 722 504 oleo
744 448 776 503 et
797 449 887 504 aceto
910 461 947 504 ac
970 438 1062 505 melle
1084 439 1298 510 iucundiores

166 563 239 608 esse
261 551 383 606 certum
405 551 464 605 est.
486 575 509 612 u

191 639 270 721 ἱΠΙ.
293 642 324 704 7.
347 638 527 707 Cucurbita
537 663 663 726 quoqne
677 642 832 708 silvestris
843 642 1015 721 invonitur,
1030 643 1144 727 σομφὸς
1154 665 1176 708 a
1187 639 1296 710 Grae-
1311 663 1338 708 1a

166 741 213 809 cis
223 741 404 829 appellata,
426 741 514 808 intus
535 741 653 821 inanis,
678 743 764 808 unde
787 754 819 809 et
840 765 966 821 nomen,
989 742 1115 830 digitali
1137 745 1296 811 crassitu-

166 842 252 922 dne,
275 864 339 908 non
350 842 413 908 nisi
434 842 467 907 in
480 843 604 908 saxosis
615 863 760 910 nascens.
783 843 892 909 Huius
906 845 1179 912 conmanducatae
1195 868 1296 913 sucus

168 943 329 1010 stomacho
351 943 523 1008 admodum
544 943 688 1028 prodest.
905 1010 909 1014 ,

209 1045 241 1110 8.
265 1041 476 1130 Colocynthis
498 1053 632 1110 vocatur
654 1043 730 1122 ulia,
753 1043 827 1128 ipsa
848 1046 944 1129 plena
960 1044 1080 1110 semine
1109 1045 1167 1110 sed
1189 1047 1295 1113 minor
1309 1065 1335 1111 14

166 1168 262 1231 qnam
285 1147 396 1211 sativa
433 1143 556 1210 Utilior
576 1144 697 1232 pallida
722 1165 819 1228 quam
846 1144 1013 1211 herbacea.
1050 1144 1206 1213 Arefacta
1224 1164 1294 1235 ¹per

168 1269 203 1313 se
238 1246 339 1311 inanit
375 1245 496 1324 alvom,
532 1245 641 1311 infusa
676 1267 803 1330 quoque
840 1244 1032 1330 clysteribus
1067 1246 1294 1314 intestinorum

167 1346 316 1413 omnibus
337 1345 425 1412 vitiis
446 1345 592 1411 medetur
613 1356 645 1412 et
672 1346 799 1412 renium
820 1355 852 1411 et
873 1344 1055 1412 lumborum
1077 1355 1110 1412 et
1130 1347 1292 1433 paralysi3

167 1447 269 1514 eiecto
292 1446 424 1525 semine,
446 1468 531 1530 aqua
551 1445 656 1512 mulsa
677 1445 711 1511 in
734 1469 772 1512 eo
794 1446 982 1531 decoquitur
996 1445 1040 1510 ad
1053 1445 1223 1528 dimidiam
1246 1450 1293 1516 sic
1347 1514 1352 1522 ,

168 1548 328 1616 tutissimo
350 1547 565 1613 infunduntur
589 1546 675 1614 oboli
703 1556 864 1631 quattuor.
899 1545 1038 1612 Prodest
1065 1559 1099 1613 et
1127 1549 1331 1616 stomachosa

168 1650 292 1717 farinae
314 1648 425 1714 aridae
446 1647 555 1735 pilulis
575 1669 649 1713 cum
671 1648 801 1713 decocto
822 1647 916 1713 melle
943 1648 1090 1734 sumptis.
1119 1648 1159 1713 In
1181 1651 1292 1717 morbo

167 1751 257 1837 regio
292 1748 414 1815 semina
446 1748 516 1814 eius
548 1769 595 1812 vn
628 1757 797 1812 sumuntur
830 1758 862 1813 et
888 1748 1035 1834 protinus
1065 1771 1150 1833 aqua
1179 1751 1291 1817 mulsa

170 1846 295 1917 Carnes
317 1849 387 1915 eius
409 1869 483 1915 cum
504 1847 664 1937 apsinthio
686 1871 724 1914 ac
747 1848 811 1915 sale
826 1848 972 1914 dentium
994 1840 1138 1916 dolorem
1164 1852 1290 1931 tollunt,

168 1973 265 2016 sucus
287 1973 363 2017 vero
385 1972 459 2016 cum
481 1960 570 2016 aceto
593 1949 768 2016 calefactus
789 1950 916 2016 mobilis
943 1950 1044 2028 sistit3
1074 1951 1153 2017 item
1180 1952 1291 2040 spinae

169 2061 203 2118 et
222 2051 404 2118 lumborum
425 2071 463 2116 ac
477 2051 688 2117 coxendicum
709 2050 846 2129 dolores,
869 2071 941 2115 cum
962 2049 1034 2115 oleo
1055 2050 1084 2115 si
1106 2051 1289 2128 infricetur3

168 2163 345 2238 praeterea,
368 2151 486 2215 mirum
501 2151 600 2230 dictu,
624 2150 747 2216 semina
768 2151 849 2230 eius,
873 2151 900 2216 si
922 2151 1043 2216 fuerint
1064 2152 1137 2238 pari
1157 2175 1290 2220 numero

168 2252 203 2316 in
224 2250 321 2316 linteo
343 2250 535 2337 adalligata,
562 2251 709 2318 febribus
729 2252 866 2318 liberare
894 2251 1044 2318 dicuntur
1070 2275 1152 2338 quas
1174 2251 1291 2320 Graeci

169 2351 349 2438 periodicas
367 2361 493 2418 vocant.
522 2349 653 2420 Sativae
678 2374 806 2438 quoque
831 2356 966 2419 derasae
992 2375 1088 2419 sucus
1113 2356 1289 2442 tepefactus
1302 2370 1326 2418 1⁶

168 2454 300 2550 QQS
320 2454 478 2532 medetur,
501 2476 574 2520 caro
589 2453 658 2519 eius
673 2454 805 2520 interior
826 2456 894 2519 sine
915 2455 1034 2521 semine
1056 2455 1154 2521 clavis
1172 2458 1289 2543 pedum

169 2565 201 2620 et
223 2555 507 2643 suppurationibus
529 2577 611 2641 quae
628 2553 746 2621 Graeci
760 2566 879 2622 vocant
900 2556 1116 2640 ἀποστήματα;
1139 2558 1289 2624 decoctae

171 2667 279 2722 antem
300 2657 469 2745 universae
493 2680 590 2722 sucus
612 2656 756 2721 dentium
769 2667 875 2722 motus
897 2656 1017 2722 stabilit
1040 2666 1072 2722 et
1093 2657 1220 2724 dolores
1240 2661 1287 2725 in-

170 2760 277 2840 hibet,
306 2760 418 2827 vinum
441 2781 574 2824 cumea
606 2756 813 2824 fervefactum
841 2759 1006 2824 oculorum
1029 2758 1125 2825 etiam
1151 2758 1286 2848 inpetus.

203 2957 310 3012 elacata,
322 2952 419 3016 Appnl.
437 2957 511 3012 nacto,
523 2946 593 3013 adst.
612 2950 669 3002 Om.
682 2963 706 3012 γ.
726 2989 757 2998 ..
776 2964 805 2996 aa
817 2946 890 3010 melle,
898 2951 1000 3016 ulppul.
1018 2959 1041 3000 et
1052 2950 1125 3005 melle.
1138 2948 1232 3018 adflr.

204 3038 272 3100 613.
303 3031 453 3093 ΟΟΜΦΟΟ,
464 3035 561 3100 Appnl.
584 3029 732 3097 somphoass
744 3041 769 3083 et
780 3036 831 3084 iud.
843 3035 901 3084 libri
912 3035 934 3086 I.
956 3038 1142 3100 sponqoaadr.
1166 3077 1198 3086 ..
1221 3037 1286 3096 inita,

171 3104 268 3168 Appnl.
287 3105 376 3156 Omitt.
388 3098 480 3168 udssr.
498 3103 540 3153 Ita
551 3103 642 3152 dicitur
653 3102 800 3166 phthiriasis
812 3104 882 3152 cordi
894 3100 1093 3152 intus'inhaerenr
1106 3110 1145 3163 19,
1159 3109 1199 3155 86.

204 3175 219 3235 ξ
233 3178 272 3222 14.
302 3169 429 3232 Colieintis,
438 3187 462 3222 a‘.
479 3171 748 3229 Dercv.Dioscor.4,
760 3173 815 3219 176.
830 3210 861 3223 ,-
878 3170 1079 3235 semine,Appul.
1098 3172 1186 3237 Omitt.
1197 3174 1234 3224 ad
1239 3168 1285 3236 βγ.

170 3279 202 3288 ..
221 3253 291 3299 quam
303 3238 426 3299 herbacea,
439 3240 490 3289 Td.
509 3255 580 3300 quara
592 3237 621 3288 de
633 3237 683 3287 eius
694 3235 823 3286 medicinae
834 3236 958 3301 habacuc,
971 3254 993 3288 a.
1012 3237 1108 3300 quando
1119 3238 1170 3286 eius
1181 3248 1237 3288 auat
1244 3255 1286 3288 me·

170 3304 271 3355 diuinae.
288 3305 424 3366 Herdonea,
439 3299 491 3366 βγ.
516 3307 543 3354 A
561 3321 623 3354 voce
639 3304 757 3366 arefacta,
775 3320 839 3368 quae
854 3307 932 3369 vulgo
944 3302 1014 3369 (βγ)
1030 3321 1087 3355 cnm
1100 3304 1217 3356 herbama
1229 3322 1286 3358 oon-

170 3373 290 3436 inngitnr,
302 3388 394 3422 novam
406 3373 537 3436 periodum
549 3372 604 3420 ince
622 3373 696 3420 imus.
721 3411 751 3419 -
774 3372 885 3433 omnibns,
905 3366 1004 3423 &Tad
1026 3373 1135 3433 omnium,
1146 3369 1176 3435 β.
1200 3416 1232 3425 ..
1253 3390 1286 3424 re-

170 3438 276 3502 niunna.
298 3434 472 3502 renundssr.
491 3477 523 3486 ..
544 3437 586 3498 ria,
602 3386 700 3488 irad.
723 3437 818 3502 Omy.
836 3481 867 3489 ..
896 3440 1018 3501 tuthsimo,
1032 3435 1088 3490 θΤ.
1113 3441 1285 3504 taussiniad.

172 3506 285 3569 lassanti,
296 3502 326 3569 β.
347 3547 377 3556 -
396 3501 552 3570 infunduntur
563 3502 631 3566 oholi,
647 3497 748 3555 OTad.
767 3505 901 3568 infunditur
912 3508 993 3570 obolth,
1004 3505 1033 3569 β.

204 3574 272 3637 515.
295 3573 366 3627 Obesi
372 3570 498 3622 simacho.
516 3571 623 3622 Furinae
632 3570 716 3622 aridae
722 3570 814 3636 pilulae
822 3591 873 3623 aum
882 3572 974 3625 decocto
983 3574 1049 3624 melle
1056 3584 1189 3640 armantur,
1200 3577 1285 3628 Dalea

172 3684 203 3692 -
214 3642 325 3707 farinae,
336 3659 359 3692 a.
377 3639 519 3703 exsomnes,
532 3641 586 3690 Td.
605 3681 636 3690 ..
651 3638 731 3704 palaris
742 3657 793 3689 cunr
804 3639 896 3691 maneto
908 3641 975 3692 melle
985 3650 1082 3703 sumtum,
1093 3643 1126 3693 Κ.
1144 3685 1176 3694 -.
1200 3644 1286 3694 sembra

170 3709 222 3760 eius
240 3709 298 3772 VII,
310 3711 347 3761 ita
357 3725 403 3760 nos
415 3708 567 3772 scripsimus.
584 3708 814 3769 samiaaeimutiu.
832 3709 982 3760 seminaeius
991 3709 1083 3771 ninid.
1102 3710 1192 3761 utiliter
1199 3712 1286 3762 aemma

170 3775 227 3840 eiua
240 3780 313 3828 codd.
327 3777 383 3829 Gel.
394 3772 446 3841 βγ.
468 3773 567 3826 Semina
578 3779 666 3826 eodem
678 3779 755 3826 modo
766 3778 886 3841 leguntur
897 3780 912 3842 ξ
926 3785 964 3829 16.
978 3782 1019 3840 27,
1030 3785 1071 3829 38.
1094 3819 1127 3828 ..
1150 3795 1181 3829 ac
1191 3779 1252 3842 sole,
1263 3795 1285 3829 a

170 3844 262 3907 eisaie,
275 3840 347 3909 dssr.
371 3886 403 3896 -
429 3841 525 3894 mobiles
535 3842 776 3905 sr'stit,Plin.Valer.
791 3849 867 3906 1,66.
891 3886 922 3895 ..
948 3845 974 3896 in
986 3845 1063 3905 linteo,
1074 3845 1174 3911 Appnl.
1198 3847 1285 3899 Omitt.

170 3908 262 3978 adssr.
281 3954 313 3962 ..
336 3910 444 3974 lauare,
456 3913 492 3961 ita
504 3927 550 3962 nos
562 3912 707 3976 scripsimus
720 3928 752 3962 ex
763 3913 902 3976 Appuleio,
914 3914 957 3977 qni
969 3912 1035 3963 auius
1046 3912 1286 3980 sanan-udallipo·

170 3987 254 4030 tum-
262 3979 346 4031 laborat
357 3981 441 4031 habet.
458 3977 554 4042 mederi,
566 3981 612 4031 Τὰ
620 3982 637 4030 ².
655 3995 749 4039 sanare,
760 3975 811 4043 βγ.
830 3980 919 4032 Omitt.
930 3983 990 4032 ad'.

203 4051 218 4111 §
233 4055 272 4099 16.
303 4045 415 4109 masaa,
431 4045 529 4112 Appul.
559 4063 642 4110 rasae,
660 4043 754 4110 adssy.
782 4048 823 4098 De
840 4063 866 4099 re
883 4064 906 4098 v.
922 4050 1040 4101 Dioscor.
1058 4054 1082 4108 a,
1101 4054 1158 4100 161.
1179 4056 1205 4100 at
1220 4048 1285 4100 Plin.

169 4115 257 4166 Valet.
271 4123 294 4177 4,
306 4121 329 4166 6.
343 4156 374 4165 -
393 4130 461 4178 quaa,
472 4132 488 4165 a
499 4112 622 4180 (Appnl.)
639 4130 707 4184 quas,
719 4115 800 4166 TKd.
813 4156 843 4164 -
863 4115 905 4167 ait.
918 4116 986 4167 actii
997 4115 1077 4178 Mate,
1088 4117 1186 4181 Appnl.
1198 4117 1287 4168 litteris

171 4183 274 4235 Graecis
288 4184 433 4234 maiusculis
449 4185 512 4233 mire
529 4185 658 4248 corruptis.
683 4224 713 4233 -
742 4180 830 4246 modus,
843 4185 939 4249 Appul.
951 4200 976 4249 p.
989 4189 1046 4234 286.
1069 4187 1139 4246 motu,
1152 4187 1177 4236 d.
1198 4185 1286 4246 nands,

170 4269 192 4302 a.
213 4293 242 4302 ..
261 4250 318 4315 urse,
330 4253 374 4302 ad.
393 4292 423 4301 ..
442 4249 569 4313 medentur,
580 4269 599 4301 r.
