2754 4726
340 311 411 358 nin.
426 311 486 358 xx.
516 308 594 357 cnr.
610 310 673 356 xn.
691 307 767 354 x111.
797 306 895 356 snos.
910 309 993 352 ts-so
1162 291 1222 357 ³21

104 488 173 532 rem
195 463 351 540 stimulat3
374 461 447 526 idco
470 460 566 526 etiam
580 459 672 544 equis
691 457 853 541 asinisque
867 457 1066 524 admissurae
1081 469 1225 544 tempore

104 565 271 654 ingeritur.
1263 614 1264 618 ,

146 665 246 730 ΧΙΠ.
276 661 424 730 Silvestri
445 663 547 729 ocimo
573 663 623 728 vis
645 661 805 726 efficacior
831 659 872 724 ad
894 659 1006 725 eadem
1028 661 1144 741 omnia,
1166 685 1224 750 ps-
1241 677 1289 723 124

104 766 234 833 culiaris
249 765 291 830 ad
305 764 384 830 vitia
394 785 476 848 quae
490 761 717 829 vomitionibus
735 760 855 827 crebris
875 759 1108 826 contrahuntur
1123 763 1226 828 vomi·
1333 842 1336 847 Ι

105 867 215 951 cisque
241 866 364 943 volvae,
392 874 502 929 contra
529 862 705 929 bestiarum
734 883 861 927 morsus
888 883 906 924 e
929 861 1004 926 vino
1026 861 1135 927 radice
1158 864 1226 928 effi·

106 967 283 1034 cacissima.

148 1068 201 1133 49.
216 1065 344 1132 Erucae
359 1087 468 1131 semen
480 1064 824 1151 scorpionumvenenis
836 1073 868 1130 et
880 1063 981 1129 muris
992 1064 1101 1130 aranei
1116 1063 1227 1130 mede·
1243 1080 1291 1126 ras

106 1180 170 1247 tur,
199 1168 351 1233 bestiolas
373 1166 476 1231 omnis
497 1164 695 1242 innascentis
718 1163 846 1249 corpori
868 1174 965 1241 arcet,
988 1162 1068 1230 vitia
1089 1164 1173 1230 cutis
1192 1165 1228 1230 in

106 1269 191 1334 facie
214 1290 288 1333 cum
308 1267 402 1333 melle
424 1266 566 1344 inlitum,
593 1265 766 1351 lentigines
789 1287 830 1330 ex
851 1274 959 1344 aceto,
989 1263 1154 1331 cicatrices
1176 1267 1227 1331 ni-

106 1391 184 1456 gras
213 1368 339 1434 reducit
353 1367 396 1432 ad
417 1366 589 1432 candorem
610 1387 685 1432 cum
705 1365 779 1431 felle
801 1364 931 1429 bubulo.
962 1365 1067 1430 Aiunt
1092 1365 1230 1433 verbera

107 1469 262 1535 subituris
283 1478 393 1556 potum
416 1489 457 1533 ex
473 1465 554 1532 «vino
568 1465 719 1531 duritiam
733 1464 895 1549 quandam
910 1475 1020 1530 contra
1034 1487 1164 1532 sensum
1177 1468 1227 1532 in-

108 1570 217 1634 duere.
239 1569 280 1633 In
294 1568 482 1634 condiendis
503 1567 646 1654 opsoniis
668 1575 756 1631 tanta
770 1575 821 1631 est
835 1566 975 1632 suavitas
989 1576 1026 1641 ut
1041 1563 1159 1633 Graeci
1170 1589 1228 1632 eu·
1244 1583 1292 1628 rao
1341 1560 1351 1568 ’

108 1691 226 1734 zomon
239 1669 482 1754 appellaverint.
504 1667 627 1733 Putant
638 1665 775 1733 subtrita
792 1687 889 1731 eruca
905 1665 934 1730 si
948 1665 1119 1732 foveantur
1135 1668 1229 1746 oculi,

107 1768 283 1834 claritatem
294 1768 433 1847 restitui,
446 1769 559 1834 tussim
568 1768 740 1832 infantium
755 1766 870 1833 sedari.
885 1765 993 1831 Radix
1008 1766 1079 1833 eius
1095 1767 1131 1833 in
1147 1790 1231 1854 aqua

107 1866 242 1934 decocta
264 1869 367 1934 fracta
387 1890 461 1933 ossa
483 1867 643 1945 extrahit3
665 1889 740 1931 nam
753 1866 795 1932 de
808 1889 924 1933 venere
939 1866 1132 1933 stimulanda
1146 1868 1230 1934 dixi·

106 1993 197 2045 mus,
228 1968 289 2032 tria
316 1969 392 2034 folia
419 1967 710 2034 silvestriserucae
740 1965 872 2031 sinistra
900 1988 998 2032 manu
1025 1967 1176 2054 decerpta
1198 1981 1231 2034 et

108 2068 185 2134 trita
205 2068 239 2134 in
261 2091 345 2154 aqua
366 2068 470 2134 mulsa
491 2068 518 2134 si
538 2065 700 2134 bibantur.
723 2108 726 2114 ·

154 2170 206 2234 50.
227 2168 259 2233 Ε
281 2170 439 2236 contrario
459 2168 655 2235 nasturtium
675 2189 827 2234 venerem
840 2168 979 2250 inhibet,
999 2170 1140 2236 animum
1154 2184 1293 2237 exa-127

109 2268 191 2346 cuit,
214 2280 251 2334 ut
272 2270 422 2336 diximus.
448 2269 526 2338 Duo
547 2269 618 2336 eius
639 2292 769 2358 genera.
798 2267 918 2337 Alvom
939 2281 1077 2358 purgat,¹
1091 2272 1233 2339 detrahit

108 2368 208 2435 bilem
229 2380 341 2454 potum
361 2392 386 2434 x
407 2371 550 2457 pondere
570 2369 606 2435 in
626 2391 729 2454 aquae
750 2393 818 2446 vn3
848 2371 979 2437 strumis
1000 2393 1073 2437 cum
1093 2373 1232 2439 lomento

71 2501 75 2505 ·
109 2469 236 2535 inlitum
258 2481 469 2558 opertumque
489 2470 634 2536 brassica
654 2471 818 2555 praeclare
839 2470 996 2537 medetur.
1017 2471 1168 2537 Alterum
1182 2483 1233 2539 est

110 2570 236 2658 nigrius
255 2570 343 2655 quod
361 2570 477 2656 capitis
493 2570 573 2635 vitia
587 2560 717 2656 purgat,
733 2569 838 2633 visum
857 2572 1047 2657 oonpurgat‚
1068 2584 1232 2638 conmotus
1262 2614 1276 2625 -ν

110 2671 227 2736 mentis
243 2669 335 2735 sedat
349 2693 390 2735 ex
404 2679 496 2736 aceto
510 2679 685 2757 sumptum,
695 2668 812 2734 lienem
827 2691 868 2734 ex
882 2670 957 2736 vino
970 2680 1082 2757 potum
1093 2675 1144 2739 vel
1158 2695 1232 2738 cum

110 2770 173 2837 fico
190 2780 362 2856 sumptum,
373 2770 488 2836 tussim
503 2792 545 2836 ex
555 2769 659 2848 melle,
673 2768 701 2835 si
712 2769 829 2836 cotidie
841 2770 941 2837 ieiuni
956 2783 1092 2838 sumant.
1114 2771 1233 2840 Samen
1247 2787 1293 2833 las

113 2894 155 2936 ex
181 2871 257 2937 vino
275 2870 382 2936 omnia
402 2871 626 2937 intestinorum
645 2869 794 2936 animalia
810 2869 917 2957 pellit,
939 2871 1101 2938 efficacius
1121 2873 1232 2940 addito

112 3059 157 3108 qua
169 3044 293 3093 baliarum
306 3059 396 3092 morsus
408 3042 481 3093 radia
490 3051 524 3092 est
534 3043 559 3092 ia
570 3041 624 3093 vinc
636 3041 811 3107 eJ'flcociasimo,
822 3038 851 3104 β.
870 3042 936 3094 Cum
947 3044 1070 3108 scriptura
1081 3045 1182 3103 anobis
1194 3061 1232 3096 rc-

113 3119 187 3175 eepta
198 3112 324 3162 consentit
333 3126 359 3177 γ,
370 3112 419 3161 nisi
431 3113 500 3177 quod
510 3118 639 3174 sonnoque
650 3112 736 3161 habat.

113 3181 362 3306 ἡάξηᾱβοονρονο,
378 3170 406 3227 θ.
426 3219 457 3227 ..
475 3177 593 3228 subituros
603 3185 666 3242 poto,
677 3179 711 3228 Κ.
730 3217 761 3226 ..
780 3183 902 3240 quantam,
914 3176 946 3227 K.
960 3218 991 3229 ..
1010 3176 1114 3242 induere,
1130 3173 1231 3231 OKad.
1295 3206 1299 3219 x

155 3261 221 3294 acere
284 3282 290 3295 .

147 3282 233 3375 §lad
260 3260 392 3370 εἰκοωοηα,
404 3326 427 3360 a.
447 3350 478 3360 ..
496 3307 684 3374 appellaverant,
697 3313 721 3361 d.
740 3350 772 3360 ..
794 3309 971 3375 claritud'l'd.
990 3354 1023 3364 ..
1044 3311 1137 3376 sedare,
1152 3307 1180 3365 θ.
1200 3356 1231 3366 ..

113 3378 217 3428 siamus
230 3385 269 3440 19,
281 3385 336 3430 154.
356 3377 473 3429 Ceterum
483 3385 543 3442 post
551 3378 601 3427 hoc
609 3370 712 3428 verbbm
721 3380 847 3430 nonnulla
856 3381 980 3432 excidisse
989 3383 1132 3432 observavit
1143 3383 1232 3440 Hasd..

114 3448 158 3511 qui
170 3461 184 3495 e
197 3446 314 3510 Geopon.
326 3445 388 3496 XII.
401 3450 441 3505 26,
453 3451 477 3495 3.
495 3438 592 3509 ἀγρίου
603 3437 658 3510 γὰρ
670 3440 794 3507 sitriaco
806 3442 896 3510 φύλλα
908 3440 955 3497 τὸν
967 3445 1086 3514 ἀριθμὸν
1096 3438 1165 3516 γ’τῇ
1174 3447 1231 3514 ‹ipt-

113 3511 198 3578 στερᾷ
204 3509 277 3579 χειρὶ
288 3509 428 3580 ληφθέντα
441 3505 546 3575 ἴκτερον
559 3507 643 3573 ἰᾶται,
653 3519 678 3562 et
690 3514 797 3563 cPlinio
806 3514 894 3564 Valer.
904 3520 928 3575 2,
939 3519 987 3576 59„
999 3517 1043 3567 ubi
1050 3517 1146 3581 pariter
1154 3519 1186 3567 de
1193 3530 1232 3566 re·

113 3582 157 3645 gio
169 3583 259 3631 morbo
272 3581 356 3644 agitur
365 3576 460 3639 (cums
471 3576 584 3627 εἰὶυεεῑνίε
596 3577 715 3641 triofolia
725 3578 823 3628 εἰηὼινα
834 3595 906 3630 manu
917 3579 1029 3646 deocspto
1040 3596 1069 3630 ar
1079 3597 1146 3644 aqua
1156 3580 1234 3631 mulso

115 3647 244 3711 bibuntur),
261 3655 329 3698 recte
345 3646 445 3709 colligit
461 3646 585 3696 hocloco
601 3660 655 3695 non
672 3647 781 3710 amplius
797 3648 829 3696 de
845 3662 936 3698 venere
952 3648 1118 3709 stimulanda,
1138 3651 1183 3699 sed
1201 3650 1233 3698 de

113 3717 205 3765 morbo
216 3730 244 3765 rs
263 3716 287 3765 ‘o
334 3715 349 3763 ⁸.

148 3781 164 3842 ξ
178 3784 235 3832 127.
244 3729 364 3830 gldiuidis
383 3785 422 3842 19,
442 3785 499 3830 155.
524 3780 566 3830 De
582 3794 610 3829 rs
626 3779 886 3841 v.Dioscor.a‚184.
910 3821 942 3831 ..
969 3779 1065 3843 Album,
1078 3782 1183 3834 Barbas.
1199 3784 1232 3834 K.
1327 3828 1338 3837 .

114 3849 196 3901 Nobis
212 3850 298 3913 potius
309 3846 418 3896 Alteram
434 3847 513 3897 alvum
523 3853 614 3911 paruos
624 3847 784 3897 scribendum
794 3848 894 3898 videtur
905 3846 1003 3898 collutis
1019 3862 1084 3912 quae
1095 3857 1235 3914 sequuntur

114 3917 204 3967 verbis.
222 3956 254 3966 ..
277 3916 311 3967 X
316 3914 421 3979 pondera
432 3915 457 3964 in
468 3930 548 3978 oquae
565 3906 668 3975 1⁷11,st
692 3914 726 3965 X
730 3912 836 3978 pondere
847 3911 872 3962 in
883 3929 949 3977 aqua
966 3913 1024 3975 VLL
1036 3916 1067 3967 Τ.
1092 3917 1124 3968 Χ
1149 3914 1234 3966 ondm

114 3982 140 4031 iu
152 4000 225 4046 aqua
241 3978 293 4047 βγ.
319 3984 361 4034 Da
377 3984 452 4034 codd.
464 3984 503 4033 ad
518 3997 621 4047 prorsus
637 3983 732 4032 incerta
746 3983 823 4032 tradit
833 3981 889 4031 Ian.
909 3982 1116 4032 ..strumarum
1173 3991 1234 4046 anto,

115 4051 169 4101 Τὰ.
192 4049 354 4100 stramineum
372 4048 469 4098 lomento
485 4049 589 4112 simmia,
605 4065 628 4099 a.
655 4064 707 4099 cum
723 4047 822 4098 lomenm
836 4047 939 4110 ammai,
955 4044 1006 4114 βγ.
1028 4090 1061 4100 ..
1088 4059 1234 4115 cornpuryut,

115 4118 189 4168 Tad.
207 4133 306 4181 qaoque,
319 4118 364 4167 K¹.
383 4116 509 4182 amfleat,
520 4117 571 4167 K2.
590 4156 621 4166 -
632 4115 684 4178 fico
694 4124 819 4180 sumptum,
834 4109 934 4166 oran.
945 4117 1006 4179 fico,
1018 4113 1069 4182 βγ.

149 4187 164 4249 5
179 4191 235 4236 128.
253 4183 346 4246 senen,
358 4186 402 4235 ad.
420 4182 521 4246 Semina
532 4185 564 4234 Τ.

114 4252 192 4302 Pars.
209 4252 259 4302 111.
989 4251 1027 4311 21
