2754 4726
134 106 194 171 178
485 116 689 166 susumus
712 115 907 164 nrsnoama

132 282 203 339 oeat
223 281 257 338 et
276 292 403 337 vermes
423 268 585 334 radicibus
612 265 814 343 inhaereant,
843 265 1018 330 remedium
1045 274 1095 330 est
1123 288 1255 332 amuroa

131 395 213 461 pura
233 394 273 438 ao
294 372 362 436 sine
385 371 451 436 sale
474 390 642 456 spargere,
664 368 739 433 dein
762 366 861 434 sarire
867 392 877 444 3
905 367 932 431 si
953 367 988 431 in
1009 367 1178 432 articulum
1201 389 1254 433 se·

130 496 189 561 gas
202 473 249 537 ire
263 472 419 558 eoeperit,
442 492 593 548 runcare,
615 491 656 534 ne
676 468 795 534 herbae
817 468 956 534 vineant.
977 466 1107 533 Pestem
1126 490 1146 531 a
1167 469 1255 536 milio
1269 487 1318 533 iso

132 584 229 658 atque
259 573 392 660 patuino,
426 581 608 638 sturnorum
643 592 853 657 passerumve
885 568 1031 656 agmina,
1072 570 1138 634 seio
1166 570 1255 659 abigi

131 673 231 740 herba
252 673 346 740 ouius
365 695 482 738 nomen
503 672 650 758 ignotum
665 682 732 748 est,
754 670 789 735 in
811 680 963 754 quattuor
983 671 1110 762 Qlis
1133 672 1255 760 segetis

132 774 277 853 defossa,
308 773 425 838 mirum
452 773 558 849 dictu,
586 783 623 836 ut
650 771 778 837 omnino
806 771 893 836 nulla
922 770 991 835 avis
1012 772 1119 835 intret.
1141 771 1254 838 Mures

132 875 306 963 abiguntur
334 875 454 940 einere-
469 873 626 939 mustelae
654 873 704 937 vel
730 871 804 937 selis
825 872 926 936 diluto
948 885 979 936 et
1001 872 1120 938 semine
1141 894 1254 958 sparso

132 975 184 1040 vel
209 975 412 1040 deoootarum
438 995 531 1064 aqua
572 970 637 1037 Sed
664 973 787 1038 redolet
815 973 904 1038 virus
932 972 1116 1037 animalium
1143 994 1254 1038 eorum

131 1075 226 1142 etiam
248 1075 282 1139 in
303 1097 402 1161 pane;
425 1073 466 1139 ob
488 1074 523 1138 id
544 1073 618 1139 felle
639 1072 760 1138 bubulo
782 1074 904 1138 semina
924 1072 1040 1159 attingi
1061 1073 1170 1138 utilius
1190 1094 1252 1158 pu-

75 1237 79 1244 .
131 1186 209 1241 tant
237 1174 366 1261 Robigo
386 1174 534 1259 quidem,
561 1182 712 1238 maxume
734 1185 881 1260 segetum
908 1174 1025 1261 pestis,
1054 1174 1136 1240 lauri
1155 1174 1253 1239 ramis
1268 1191 1314 1236 ror

131 1275 166 1340 in
188 1296 266 1341 arvo
287 1275 403 1341 defixis
424 1275 538 1340 transit
559 1275 593 1339 in
615 1298 654 1340 ea
674 1275 750 1339 folia
772 1297 813 1340 ex
831 1274 925 1340 arvis.
947 1274 1095 1340 Luxuria
1108 1284 1252 1362 segetum

133 1376 313 1465 castigatur
330 1376 425 1442 dente
444 1376 571 1462 peeoris
585 1376 619 1439 iu
635 1372 735 1441 herba
753 1376 936 1453 dumtaxat,
959 1386 991 1441 et
1010 1376 1164 1462 depastae
1179 1376 1252 1459 qui-

134 1476 208 1542 dem
235 1477 288 1543 vel
315 1478 444 1564 saepius
471 1476 591 1542 nullam
612 1475 646 1540 in
668 1476 758 1562 spioa
785 1476 932 1541 iniuriam
959 1475 1117 1552 sentiunt3
1144 1488 1253 1545 reton-

133 1598 241 1642 sarum
263 1577 360 1643 etiam
382 1579 481 1643 semel
501 1577 631 1642 omnino
651 1587 775 1642 eertum
798 1588 845 1642 est
867 1599 1003 1666 granum
1024 1577 1150 1663 longius
1170 1577 1252 1656 fieri,

132 1678 191 1744 sed
210 1679 305 1744 inane
327 1700 537 1762 cassumque,
559 1699 598 1744 ao
619 1688 724 1743 satum
745 1700 810 1743 non
832 1679 933 1744 nasei.
959 1677 1126 1764 Babylone
1147 1688 1254 1744 tamen
1269 1695 1318 1740 rsa

132 1777 183 1844 bis
204 1789 331 1857 secant,
355 1779 484 1844 tertium
499 1778 677 1864 depascunt
683 1803 692 1854 ;
715 1778 856 1862 alioquin
876 1779 953 1844 solia
974 1789 1098 1844 tantum
1118 1779 1252 1858 fierent3

133 1879 180 1945 sie
201 1901 330 1964 quoque
352 1902 425 1945 oum
446 1878 713 1966 quinquagesimo
735 1880 865 1945 faenore
884 1880 998 1946 messis
1015 1881 1121 1945 reddit
1136 1882 1255 1947 eximia

131 1979 280 2046 fertilitas
302 1980 377 2058 soli,
405 1979 661 2066 diligentioribus
680 2002 756 2044 vero
775 2001 847 2045 oum
867 1981 1051 2047 oentesimo.
1077 1980 1190 2066 Neque
1205 1992 1257 2048 est

134 2102 212 2146 eura
232 2079 374 2145 difficilis
396 2101 493 2163 quam
515 2078 696 2144 diutissime
717 2102 801 2164 aqua
822 2081 967 2168 rigandi,
990 2093 1026 2148 ut
1044 2082 1257 2169 praepinguis

135 2190 170 2246 et
189 2180 291 2246 densa
311 2180 443 2245 ubertas
464 2179 614 2245 diluatur.
643 2179 773 2245 Limum
796 2192 901 2247 autem
923 2205 987 2248 non
1007 2182 1162 2248 invehunt
1182 2182 1255 2247 Eu·

135 2277 267 2364 phrates
294 2280 466 2367 lignisque
496 2280 580 2345 siem
605 2281 639 2345 in
665 2281 820 2368 Aegypto
845 2281 956 2360 Nilus,
985 2306 1045 2350 neo
1073 2296 1158 2350 terra
1182 2284 1258 2370 ipsa

134 2376 249 2443 herbas
275 2380 398 2468 gignit3
431 2379 562 2447 ubertas
590 2389 697 2447 umen
723 2392 811 2447 tanta
842 2394 892 2449 est
922 2394 960 2448 ut
990 2395 1142 2470 sequente
1167 2406 1255 2449 anno

135 2490 248 2564 sponte
278 2481 432 2547 restibilis
462 2481 519 2546 fiat
551 2504 659 2570 seges,
704 2483 861 2570 inpressis
893 2485 1031 2571 vestigio
1067 2485 1254 2564 seminibus,

133 2601 217 2663 quae
243 2591 329 2647 tanta
356 2583 414 2647 soli
442 2583 622 2648 differentia
643 2585 792 2650 admonet
821 2595 926 2651 terrae
947 2609 1067 2672 genera
1086 2587 1120 2650 iu
1140 2586 1255 2673 fruges

135 2680 325 2747 describere.
937 2725 940 2728 ·

176 2781 228 2845 46.
258 2781 362 2870 Igitur
385 2781 518 2850 Catonis
539 2784 618 2850 haee
640 2787 797 2852 sententia
818 2797 883 2852 est:
913 2788 970 2867 „in
991 2810 1070 2875 agro
1091 2810 1199 2853 orasso
1221 2799 1253 2854 et
1268 2801 1318 2848 isa

168 2916 281 2996 inherent,
293 2923 329 2970 a'.
347 2963 378 2971 ..
398 2921 459 2983 dein,
472 2939 495 2973 a.
513 2921 605 2984 deinde,
617 2919 689 2989 ᾶβγ.
706 2924 793 2974 Verba
804 2923 857 2973 daia
872 2925 1088 2975 saraa-vinaans
1097 2927 1124 2976 b.
1136 2927 1155 2976 l.
1167 2927 1254 2992 inepte

135 2993 220 3046 posita
231 3001 284 3035 esse
296 2989 357 3038 dicit
367 2990 435 3040 Pint.
454 3031 484 3040 ..
505 2998 621 3052 amacura,
633 3008 656 3042 a

168 3051 183 3112 §
198 3055 254 3100 160.
281 3050 352 3114 barb,
364 3071 387 3104 a.
407 3096 438 3106 -
452 3057 554 3120 panissas
565 3067 693 3120 tumorum,
706 3074 729 3108 a.
748 3099 779 3108 ..
789 3056 856 3122 falia
868 3056 953 3120 delato,
964 3075 987 3110 a.
1005 3100 1037 3110 -
1055 3075 1133 3123 aquas
1144 3067 1173 3121 st,
1185 3077 1209 3111 a.

169 3117 255 3178 5161.
281 3120 423 3178 ea‚Tadr.
446 3120 576 3184 eorarnss.
600 3127 785 3184 eornm‚Dsleo.
804 3166 835 3176 ..
860 3124 1030 3188 eababs'aK.
1049 3167 1080 3177 -
1096 3131 1253 3190 peamau

135 3181 250 3260 Sumpsit
261 3185 326 3234 hasa
336 3187 403 3236 Plin.
415 3203 449 3238 ex
460 3189 591 3252 Theophr.
604 3192 664 3240 hist.
675 3193 755 3254 plant.
767 3193 843 3244 VIII.
858 3198 880 3253 7,
892 3199 916 3244 4.
941 3234 973 3244 ..
995 3191 1040 3256 ool,
1053 3194 1134 3245 omitt.
1147 3195 1200 3244 Tu.
1220 3235 1252 3246 .-

134 3265 235 3313 ειιεριιω,
252 3253 296 3301 ad.
317 3252 405 3314 svibla,
420 3271 441 3304 r.
460 3293 492 3304 ..
509 3262 663 3316 retensumm,
680 3259 704 3306 d.
726 3266 866 3321 remoram,
883 3276 906 3311 a
928 3277 1071 3323 recasurum
1086 3254 1115 3310 θ.
1134 3302 1165 3312 ..
1181 3262 1253 3326 fieri,

134 3318 223 3446 apag.
233 3320 372 3447 iugtpad.
390 3361 421 3371 ..
445 3336 589 3384 meamque,
602 3325 637 3372 a¹.
659 3338 817 3388 massamque,
826 3331 862 3377 αἳ.
883 3343 1015 3392 casumque,
1030 3322 1059 3377 θ,
1076 3344 1223 3392 emmaus,
1235 3333 1253 3380 d

152 3453 183 3527 ,5
198 3459 253 3503 162.
281 3447 464 3515 maamad.
488 3451 627 3522 tertiassr.
645 3497 676 3507 ..
698 3444 814 3522 alioquin,
827 3464 870 3511 ad.
894 3461 1028 3526 allaqossy.
1049 3501 1081 3511 ..
1104 3460 1252 3527 qaiaqsaqs·

115 3552 119 3562 ,
134 3533 200 3577 amo,
212 3519 343 3584 Theophr.
355 3521 506 3599 histtplsnt.
519 3521 594 3573 VIII.
607 3526 630 3585 7,
643 3531 667 3574 4.
684 3522 786 3590 γίνεται
798 3524 830 3576 δὲ
840 3527 900 3586 τοῖς
904 3527 943 3595 μὴ
953 3525 1044 3586 καλῶς
1051 3526 1254 3593 ἐργασαμένας

133 3583 357 3719 tostus:
378 3584 649 3708 Imttttbitl
668 3633 699 3642 “
720 3594 1252 3728 allassontes

134 3687 225 3779 nausis,
240 3720 329 3772 D'ad.
355 3737 434 3782 aanor
451 3693 715 3839 dilzzot'ionbnsJy.
742 3677 780 3779 ..9
800 3730 934 3792 mateshoo,
951 3700 1063 3782 Hiemse
1079 3732 1154 3780 eodd.
1171 3729 1211 3794 (l)
1226 3739 1253 3781 et

134 3785 279 3864 Theophra
291 3787 352 3866 τρῖς
361 3786 394 3838 δὲ
406 3787 486 3852 dutus
509 3790 544 3871 ”5
553 3791 744 3859 ἐκατονταχόα.
763 3796 885 3875 amastrae
896 3797 1096 3861 qunquoyesimo,
1104 3795 1208 3860 Dsdfi.
1218 3837 1250 3848 ..

133 3852 1085 3996 sustentamentumsuat...
1097 3866 1250 3993 :aaa

132 3980 268 4115 mer-m
287 3993 351 4052 ‚D².
377 3995 538 4095 santDlsd.
564 4003 662 4058 enatat,
673 3991 724 4060 βγ.
743 4036 774 4046 ..
796 4001 934 4060 aano‚Da
960 4001 1135 4061 annont'l'd.
1159 4040 1190 4050 ..
1213 3998 1249 4049 ds'-
