2754 4726
116 305 158 367 70
467 320 669 367 uarumms
692 315 884 366 msromnn

116 492 243 549 earum3
265 471 325 537 hoo
347 481 396 534 est
416 468 496 535 illud
516 469 729 554 quadriduum
752 470 830 534 oleis
851 469 1073 552 decretorium,
1103 471 1156 535 hic
1177 492 1235 535 ar·

116 572 231 638 ticulus
253 570 414 636 austrinus
436 570 537 636 nubili
559 573 668 655 spurci
689 571 775 654 quod
790 569 939 635 diximus.
961 569 1090 660 Fruges
1104 593 1236 657 quoque
1250 590 1280 636 ιθ

115 672 208 760 psius
236 683 453 736 maturescunt
479 671 630 737 austrinis
659 669 774 735 diebus
803 669 858 734 sed
881 671 1025 738 celerius.
1068 671 1129 738 Illa
1155 683 1236 738 aunt

116 773 212 839 noxia
248 773 367 861 frigora
403 794 487 856 quae
525 770 795 857 septentrionibus
827 781 884 835 aut
908 773 1126 858 praeposteris
1150 772 1236 839 fiunt

116 872 213 941 horis.
245 873 395 939 Hiemem
421 873 552 956 quidem
579 871 773 956 aquiloniam
799 893 871 936 esse
897 872 1044 938 omnibus
1067 874 1146 939 satis
1164 874 1234 938 uti·

116 968 289 1050 lissimum3
322 972 433 1039 imbris
465 994 542 1039 vero
576 984 642 1037 tum
674 971 845 1058 expetendi
878 971 1009 1037 evidens
1040 994 1139 1038 causa
1171 985 1235 1050 est,

116 1077 266 1161 quoniam
294 1073 425 1138 arbores
450 1075 519 1139 fetu
547 1073 727 1138 exinanitas
756 1084 788 1136 et
814 1071 961 1137 foliorum
986 1095 1114 1158 quoquo
1135 1075 1234 1141 arnis·

117 1178 205 1244 sione
219 1175 389 1264 languidas
403 1177 548 1240 naturale
564 1185 613 1240 est
626 1174 719 1239 avide
734 1174 872 1250 esurire3
895 1175 986 1240 cibus
1000 1185 1106 1240 autem
1121 1198 1235 1242 earum

116 1278 227 1345 imber.
251 1276 361 1358 Quare
384 1276 524 1362 tepidam
547 1299 617 1342 esse
638 1276 787 1353 hiemem,
816 1287 852 1339 ut
872 1274 1042 1361 absumpto
1062 1286 1158 1362 partu
1179 1298 1233 1340 ar-
1248 1289 1280 1339 ra·

116 1380 230 1446 borum
253 1388 405 1463 sequatur
425 1378 572 1463 protinus
594 1388 768 1462 conceptus
789 1375 822 1438 id
845 1386 894 1440 est
907 1377 1096 1464 germinatio
1116 1400 1154 1442 ac
1173 1378 1234 1442 de-

116 1479 286 1546 iude1alia
312 1478 500 1544 florescendi
528 1478 711 1555 exinanitio,
744 1476 981 1541 inutilissimum
1008 1477 1236 1563 experimentis

117 1581 275 1659 creditum
305 1579 382 1666 quin
409 1580 506 1644 immo
535 1579 561 1643 si
583 1580 691 1664 plures
712 1577 759 1640 ita
780 1578 1006 1642 continuentur
1026 1579 1111 1656 anni,
1135 1579 1235 1643 etiam

116 1683 206 1768 ipsae
228 1681 402 1745 moriantur
423 1680 563 1755 arbores,
591 1678 719 1762 quando
740 1677 858 1741 nemini
881 1678 978 1744 dubia
999 1701 1102 1764 paena
1129 1690 1179 1745 est
1200 1680 1237 1744 in

118 1783 202 1847 fame
223 1780 448 1846 laborantium.
481 1778 574 1864 Ergo
596 1777 652 1861 qui
673 1777 755 1841 dixit
775 1777 895 1842 hiemes
917 1801 1048 1846 serenas
1075 1781 1236 1867 optandas

117 1904 181 1947 non
201 1904 262 1968 pro
284 1879 452 1946 arboribus
474 1889 549 1944 vota
571 1879 658 1944 fecit.
694 1877 764 1944 Nec
786 1901 844 1964 per
867 1880 999 1945 solstitia
1019 1880 1136 1947 imbres
1156 1882 1283 1947 viti-1⁴

117 1983 179 2049 bus
200 1983 392 2048 conducunt.
420 1979 566 2045 Hiberno
587 1979 717 2063 quidem
738 1981 871 2065 pulvere
891 1981 1037 2046 laetiores
1058 1982 1126 2047 fieri
1147 2006 1235 2048 mes·

118 2082 162 2148 sis
189 2082 382 2148 luxuriantis
411 2081 522 2166 ingeni
551 2081 714 2144 fertilitate
742 2080 863 2157 dietum
890 2091 949 2144 est.
985 2081 1138 2166 Alioquin
1159 2096 1238 2149 vota

118 2184 268 2249 arborum
301 2183 495 2267 frugumque
524 2180 693 2245 conmunia
725 2191 801 2244 sunt
826 2181 910 2245 nivis
936 2180 1075 2248 diutinas
1103 2183 1235 2264 sedere3

118 2304 215 2347 causa
243 2305 307 2347 non
334 2282 453 2358 solum,
481 2281 557 2364 quia
585 2281 724 2345 animam
746 2294 848 2346 terrae
871 2294 1111 2348 evanescentem
1133 2282 1237 2349 exha-

117 2383 235 2448 latione
256 2380 423 2447 includunt
445 2391 477 2445 et
498 2382 701 2466 conprimunt
722 2392 870 2466 retroque
891 2394 992 2470 agunt
1012 2384 1046 2447 in
1067 2385 1144 2450 viris
1163 2385 1236 2450 fru-

117 2505 197 2568 gum
224 2494 319 2567 atque
346 2482 481 2559 radices,
511 2505 623 2547 verum
650 2483 737 2566 quod
764 2482 798 2547 'et
823 2483 978 2566 liquorem
1001 2487 1118 2550 sensim
1139 2508 1237 2572 prae·

119 2583 197 2648 bent
221 2605 339 2669 purum
367 2593 534 2667 praeterea
555 2582 825 2667 levissimumque,
854 2586 981 2667 quando
1003 2585 1058 2649 nix
1079 2606 1236 2669 aquarum

119 2685 304 2750 caelestium
326 2706 440 2770 spuma
462 2694 521 2750 est.
550 2684 640 2773 Ergo
661 2707 753 2750 umor
775 2707 816 2748 ex
837 2684 888 2749 his
909 2708 972 2751 non
993 2687 1162 2752 universus
1182 2687 1237 2752 in·
1252 2675 1298 2746 1⁵x

118 2787 288 2875 gurgitans
320 2786 508 2869 diluensque
541 2787 598 2851 sed
627 2787 785 2872 quomodo
818 2786 923 2851 sititur
950 2787 1114 2852 destillans
1146 2775 1239 2852 uelut

119 2907 160 2949 ex
188 2886 288 2952 ubere
316 2887 372 2954 alit
399 2886 504 2950 omnia
531 2909 614 2971 quae
634 2909 699 2950 non
719 2887 863 2952 inundat.
900 2888 1011 2953 Tellus
1033 2910 1160 2975 quoque
1179 2888 1239 2955 illo

119 2987 212 3052 modo
244 2988 462 3054 fermenteseit
494 2998 526 3052 et
552 2988 602 3052 sui
627 2989 722 3073 plena
748 3011 768 3052 a
794 2989 1041 3055 lactescentibus
1067 2990 1144 3053 satis
1169 3010 1239 3055 non

119 3088 225 3165 effeta,
248 3112 320 3155 cum
342 3100 468 3176 tempus
490 3089 605 3175 aperit,
629 3089 745 3174 tepidis
760 3089 888 3154 adridet
900 3090 997 3154 horis.
1019 3089 1074 3154 Ita
1086 3111 1238 3156 maxume

118 3187 277 3252 frumenta
302 3189 528 3276 pinguescunt,
555 3201 776 3278 praeterquam
805 3190 862 3256 ubi
890 3191 1012 3260 calidus
1034 3213 1160 3276 semper
1179 3213 1239 3256 aer

152 3407 233 3440 aarum
249 3400 290 3453 est,
308 3395 332 3443 d.
351 3433 381 3441 ..
400 3391 568 3456 quadriduum,
583 3409 605 3442 a.
624 3395 783 3458 quatriduum,
800 3392 873 3460 ᾱβγ.
892 3438 923 3445 -
941 3396 1028 3460 sparsi,
1044 3414 1064 3450 r.
1086 3437 1112 3446 ..
1133 3394 1240 3447 diximus

152 3496 168 3591 ’5
181 3531 221 3576 lu.
239 3524 342 3586 Hirmas,
355 3541 378 3575 a.
395 3526 437 3575 De
448 3541 476 3575 re
487 3541 510 3573 r.
524 3526 656 3588 Theophr.
669 3529 700 3576 de
712 3543 779 3578 caus.
788 3529 868 3591 plaut.
882 3530 917 3581 11.
932 3537 954 3592 l,
967 3538 990 3582 11.
1005 3572 1035 3580 -
1050 3539 1106 3591 tum,
1115 3534 1160 3581 ad.
1173 3538 1239 3594 turso,

118 3589 170 3658 ssr·
184 3635 214 3643 -
234 3594 360 3654 emissione,
376 3586 474 3645 OTad.

152 3663 220 3724 513.
239 3660 395 3724 fluesceutir,
407 3663 439 3712 K.
462 3701 493 3709 ..
521 3658 659 3721 monentur,
679 3654 779 3712 OTad.
806 3664 943 3726 moriuntur,
954 3661 983 3727 β
1006 3707 1036 3715 ..
1064 3664 1239 3731 Erqoquiuti

118 3728 216 3791 Vergil.
228 3743 314 3792 georg.
329 3734 350 3787 1,
365 3733 420 3778 100.
440 3769 470 3777 ..
490 3726 617 3788 amoribus,
631 3729 667 3778 a¹.

152 3796 167 3858 ξ
182 3801 220 3846 14.
248 3794 401 3853 latur-iactas,
413 3812 452 3846 ar.
472 3835 503 3844 -
522 3793 612 3859 inqeuii
613 3795 750 3859 fertilitate,
763 3815 812 3848 om.
825 3817 844 3849 r.
864 3841 894 3849 -
914 3797 1035 3866 Absque,
1048 3802 1110 3850 adr.
1127 3797 1238 3863 Alioqui,

118 3857 170 3925 βγ.
184 3903 214 3912 ..
233 3861 341 3923 insidere,
353 3863 443 3915 Delec.
456 3904 486 3912 ..
503 3869 672 3926 praetereaque
685 3857 876 3929 ultumam.
890 3907 920 3916 ..
938 3883 1031 3930 spuma,
1043 3870 1067 3918 d.
1082 3866 1180 3930 pmice,
1193 3883 1237 3919 ar.

140 3931 167 3992 ’ᾖ
181 3935 219 3980 15.
246 3928 314 3995 Erqo
330 3946 397 3979 umor
411 3932 466 3992 rel.;
484 3932 616 3994 desumpta
631 3932 695 3981 haec
712 3949 766 3984 esse
782 3950 814 3986 ex
830 3934 949 3998 Xenoph.
966 3950 1056 3985 oecon.
1073 3941 1098 3996 2,
1114 3939 1155 3984 26.
1171 3935 1240 3987 vidit

118 3994 174 4045 Ian.
191 3998 272 4047 diurn.
291 3998 414 4061 antiquar.
429 4004 501 4048 1845.
514 4013 556 4046 no.
572 4004 627 4048 100.
638 4016 664 4063 p.
679 4003 735 4051 799.
758 4042 788 4050 -
816 4001 934 4066 inqruens,
950 4002 984 4052 K.
1007 4043 1038 4051 -
1065 3999 1196 4063 desullaua
1213 4021 1238 4054 a

118 4058 245 4123 demtum,
257 4060 328 4130 ᾶβγ.
342 4106 373 4114 -
392 4065 553 4128 omniumque
565 4065 751 4127 inundat,Pint.
765 4110 795 4118 ..
815 4065 920 4128 mundat,
932 4083 954 4117 a.
972 4107 1003 4119 ..
1022 4067 1077 4130 ullo,
1090 4086 1112 4120 a
1133 4110 1164 4119 ..
1174 4070 1239 4132 fra.

119 4130 243 4194 meatescit,
254 4148 275 4182 r.
293 4173 325 4182 ..
343 4130 388 4194 sul,
400 4135 445 4184 ad.
462 4132 532 4194 succi,
544 4128 594 4197 βγ.
613 4176 644 4184 ..
663 4151 687 4197 a,
699 4136 744 4185 ad.
762 4152 798 4196 ao,
810 4131 860 4200 βγ.
880 4175 911 4184 -
930 4133 994 4196 abbi,
1008 4138 1032 4186 d.
1046 4178 1076 4186 ..
1096 4137 1182 4202 ficati,
1195 4154 1220 4188 a.

152 4194 168 4257 1
182 4203 221 4249 16.
240 4198 272 4248 Ia
283 4198 373 4248 maiore
382 4208 453 4264 porte
466 4202 519 4262 rel,
531 4201 662 4266 Theophr.
677 4204 708 4252 de
720 4218 787 4253 caus.
818 4203 879 4253 lant.
891 4203 927 4253 11.
939 4210 960 4264 1,
971 4209 993 4253 6.
1008 4245 1037 4254 ..
1058 4203 1240 4270 iadulqeutr'am,

119 4278 143 4312 a.
162 4304 193 4313 -
211 4266 332 4328 obnoxiae,
344 4283 363 4317 r.
384 4309 413 4318 ..
432 4267 535 4331 quaudo,
550 4260 648 4319 O'rac.
666 4217 818 4332 quantam}
