2754 4726
347 311 536 359 mscxvnr.
565 312 643 360 osa.
659 313 711 360 111.
722 314 775 363 iv.
806 313 902 362 sacr.
919 317 938 359 ι.
954 318 971 359 e.
1166 301 1226 365 143

141 463 171 526 b.
200 460 307 548 Igitur
328 461 369 526 de
391 463 516 528 cultura
537 463 607 551 agri
628 464 814 549 praecipere
834 465 1012 551 principale
1042 466 1105 531 fuit
1127 468 1224 533 etiam
1238 486 1272 530 aa

98 564 189 649 apud
210 575 358 642 exteros,
389 564 548 648 siquidem
570 575 602 629 et
623 587 718 655 reges
738 566 860 644 fecere,
888 564 1007 645 Hiero,
1029 565 1225 634 Philometor

97 663 247 743 Attalus,
281 664 477 743 Archelaus,
509 676 542 730 et
569 665 669 731 duces
697 665 886 750 Xenophon
914 678 946 731 et
974 667 1104 733 Poenus
1126 669 1224 734 etiam

95 763 218 850 Mago,
251 765 304 830 cui
331 765 461 849 quidem
490 777 612 831 tantum
641 766 794 832 honorem
823 779 954 832 senatus
982 779 1092 833 noster
1111 768 1224 834 habuit

98 862 298 952 Carthagine
320 877 416 950 capta
436 877 488 944 nt,
511 890 584 932 cum
605 868 727 956 regulis
741 866 876 932 Africae
897 866 1107 934 bibliothecas
1122 868 1223 935 dona·

94 976 162 1044 ret,
189 966 287 1030 unius
314 967 383 1031 eius
405 967 646 1054 duodetriginta
667 967 829 1033 volumina
850 981 998 1034 censeret
1018 969 1052 1033 in
1072 967 1225 1035 Latinam

92 1066 242 1154 linguam
269 1065 507 1144 transferenda,
536 1091 609 1133 cum
636 1068 702 1132 iam
727 1068 776 1133 M.
801 1065 886 1134 Cato
912 1072 1085 1154 praccepta
1111 1071 1224 1136 condi·

94 1166 217 1245 disset,
246 1166 424 1252 peritisque
450 1166 574 1234 Punice
601 1169 743 1232 dandum
771 1168 952 1255 negotium,
982 1168 1017 1233 in
1044 1191 1108 1254 quo
1129 1193 1224 1256 prae-

96 1267 199 1334 cessit
226 1266 329 1332 omnis
350 1269 400 1332 vir
421 1268 616 1334 clarissimae
637 1268 777 1334 familiae
798 1267 843 1334 D.
867 1265 1009 1334 Silanus.
1038 1267 1224 1356 Sapientiae
1236 1287 1270 1334 aa

94 1390 175 1434 vero
203 1355 350 1434 auctores
378 1378 411 1433 et
432 1368 626 1434 carminibus
647 1370 834 1435 excellentis
853 1369 974 1455 quique
996 1370 1050 1434 alii
1070 1370 1224 1439 inlustres

81 1470 159 1536 viri
176 1469 446 1556 composuissent,
469 1492 550 1554 quos
566 1490 752 1554 sequemur,
773 1471 1013 1555 praetexuimus
1033 1471 1142 1537 hocin
1163 1495 1222 1539 vo-

93 1571 232 1650 lumine,
260 1592 325 1635 non
346 1571 394 1634 in.
408 1592 511 1657 grege
538 1560 732 1637 nominando
758 1569 807 1634 M.
834 1570 981 1640 Varrone
1005 1571 1063 1655 qui
1091 1583 1222 1658 octoge-

95 1672 216 1738 simum
246 1671 387 1758 primum
418 1671 501 1734 vitae
533 1692 652 1735 annum
684 1693 785 1760 agens
818 1671 859 1737 de
891 1694 931 1737 es
956 1694 993 1738 re
1020 1671 1222 1758 prodendum

92 1773 235 1859 putavit.

139 1873 202 1939 IV.
224 1874 326 1960 Apud
340 1873 503 1938 Romanos
517 1872 617 1936 multu
631 1871 731 1936 serior
745 1869 859 1937 vitium
880 1873 1006 1938 cultura
1025 1895 1096 1939 esse
1116 1873 1222 1960 coepit
1234 1890 1267 1936 es

92 1973 283 2061 primoque,
305 1986 342 2040 ut
362 1995 495 2039 necesse
516 1983 603 2051 erat,
625 1995 704 2036 arva
726 1981 851 2036 tantum
872 1972 1016 2049 coluere,
1043 1993 1181 2055 quorum
1201 1996 1223 2037 a

92 2074 191 2141 nobis
218 2098 306 2142 nunc
331 2076 414 2140 ratic
441 2073 629 2140 tractabitur
656 2095 721 2137 non
749 2071 874 2160 volgari
901 2072 996 2137 modo
1023 2094 1152 2152 verum,
1184 2085 1222 2139 ut

93 2175 204 2260 adhue
217 2177 370 2255 fecimus,
391 2187 424 2242 et
444 2176 582 2241 vetustis
604 2184 636 2239 et
656 2184 771 2260 postea
788 2171 927 2238 inventis
947 2173 1033 2237 omni
1054 2182 1221 2261 cura'per·

94 2278 228 2363 quisitis
248 2300 409 2363 causaque
430 2272 539 2342 rerum'
558 2288 591 2341 et
611 2276 733 2340 ratione
757 2274 851 2340 simul
873 2285 974 2341 eruta.
1008 2274 1165 2342 Dicemus
1187 2286 1221 2342 et

94 2379 207 2446 sidera
227 2379 434 2463 siderumque
455 2378 600 2464 ipsorum
622 2375 785 2442 terrestria
805 2375 899 2462 signa
921 2374 1068 2440 dabimus
1089 2375 1222 2442 indubi-

56 2474 61 2487 '
94 2490 183 2559 tata,
204 2480 463 2571 quandoquidem
483 2480 540 2562 qui
561 2479 666 2543 adhuc
678 2475 866 2564 diligentius
888 2499 927 2542 ea
948 2488 1125 2542 tractavere
1144 2476 1219 2562 qni-

93 2581 210 2648 busvis
228 2582 339 2667 potius
361 2603 457 2665 quam
478 2579 626 2666 agricolis
641 2579 814 2664 scripsisse
835 2590 970 2664 possunt
990 2577 1103 2643 videri.

94 2789 127 2838 ab
139 2787 205 2839 tiri.
217 2803 239 2838 c.
252 2789 330 2839 serris
340 2787 469 2838 vilissimis
480 2792 571 2848 sumpte
587 2785 604 2835 i.
617 2799 638 2834 e.
650 2792 766 2848 recepte,
783 2785 853 2847 qued
870 2784 960 2833 codem
976 2783 1029 2834 inre
1045 2783 1149 2842 dicitnr,
1167 2797 1220 2846 qno

95 2856 199 2906 esaan
211 2871 301 2904 armas
312 2857 377 2906 dixit
385 2855 478 2906 Caesar
488 2855 548 2903 bell.
558 2853 626 2904 Gall.
636 2859 660 2912 3,
672 2858 711 2901 14.
729 2852 767 2901 At
778 2865 830 2901 nen
843 2858 890 2898 tam
902 2859 941 2900 est
952 2851 1029 2901 surda
1040 2859 1113 2909 terra,
1125 2857 1154 2898 nt
1165 2863 1218 2899 cre-

95 2927 156 2974 dere
168 2922 268 2982 debeas,
281 2937 337 2972 cam
348 2924 431 2988 ipsam
447 2921 563 2970 iniuriam
576 2921 624 2970 sibi
636 2919 733 2969 illatam
744 2932 798 2968 non
808 2919 906 2968 sentire.
928 2918 963 2967 Et
974 2931 1033 2967 vere
1046 2917 1130 2978 sentit,
1148 2916 1219 2980 quod

94 2993 241 3042 minorisae
253 2990 354 3053 frugum
365 2996 503 3054 proventus
514 2991 597 3038 docet
616 3029 647 3037 -
665 2984 745 3047 taire,
757 3003 781 3036 a
799 3027 831 3035 ..
849 2982 996 3048 indignante
1013 2987 1049 3035 ita
1059 3000 1107 3035 nos
1117 2985 1218 3049 scripsi·

94 3074 162 3109 mus.
185 3055 315 3122 indignate,
328 3053 356 3107 θ,
380 3055 571 3120 indignamur.
595 3053 702 3118 indigna,
716 3054 767 3103 Ta.
785 3047 1029 3116 indignesereutc,st.
1049 3093 1080 3101 -
1098 3051 1218 3112 credatur,

94 3128 127 3177 T.
145 3124 282 3185 credantur,
294 3128 317 3175 d
335 3132 453 3183 amatre,
465 3140 488 3173 a
507 3163 538 3172 ..
549 3122 660 3185 fueruat,
671 3137 692 3170 r.

127 3212 143 3274 ς
158 3216 198 3260 aa.
216 3207 361 3259 Ptaometcr
372 3205 478 3268 Artatus,
491 3206 572 3257 strab.
587 3212 626 3255 13.
637 3220 663 3268 p.
674 3209 740 3264 aaa,
752 3204 882 3253 Plutarch.
894 3203 952 3254 Tib.
964 3201 1073 3253 Graan
1088 3209 1127 3254 14.
1138 3202 1218 3255 com·

93 3285 164 3327 mete
171 3276 320 3341 interposito
333 3277 397 3324 dnos
409 3275 470 3324 hinc
480 3273 549 3323 vires
560 3272 657 3321 iaciunt
667 3267 718 3334 βγ.
729 3312 760 3320 -
778 3269 880 3334 repulus,
892 3286 915 3320 a.
926 3312 957 3320 -
975 3287 1042 3332 urus,
1054 3272 1078 3320 d.
1088 3312 1119 3321 -
1138 3278 1217 3320 tross-

85 3342 201 3408 serenclo,
212 3344 257 3394 ad.
276 3385 307 3393 ..
326 3342 425 3403 struice,
438 3338 528 3390 Tus:
545 3338 640 3403 linquas
650 3337 765 3401 Hamae,
777 3340 795 3388 d
807 3335 909 3401 (Ambr.
921 3338 943 3388 1.
954 3336 1004 3401 11.)
1015 3334 1067 3404 βγ.
1086 3380 1117 3388 ..
1134 3338 1180 3399 eir,
1191 3341 1216 3388 d.

95 3409 176 3474 mitra,
187 3425 212 3461 a.

129 3500 144 3564 5
158 3510 198 3554 23.
216 3501 365 3565 Sapientiae,
376 3500 460 3552 DKa.
479 3498 612 3564 Sapientes,
624 3502 640 3549 d
655 3496 739 3560 (codd.
752 3495 822 3562 Gel.)
833 3492 884 3562 βγ,
896 3539 927 3548 ..
940 3505 1046 3547 coemes
1057 3504 1081 3547 et
1091 3494 1215 3556 carmira‘tr

94 3569 231 3619 excedentes
245 3569 333 3632 quiqrae
344 3567 389 3617 clii
399 3566 501 3617 illustres
512 3566 567 3629 ciri,
582 3568 633 3617 D'2.
652 3567 739 3617 Omitt.
750 3566 831 3616 D'ad
848 3564 936 3627 (codd.
947 3561 1020 3626 Gal.)
1033 3560 1084 3627 βγ.
1104 3604 1137 3614 -
1154 3579 1215 3613 acm·

93 3636 233 3701 masau,
244 3636 352 3688 DKad
376 3633 516 3698 complures,
533 3636 605 3684 codd.
619 3634 675 3685 Gal.
686 3629 739 3698 βγ.
758 3674 789 3682 ..
813 3649 941 3696 sequemur,
959 3633 996 3682 ita
1006 3647 1054 3681 nos
1064 3631 1215 3695 scripsimus.

94 3712 228 3783 sequatur,
238 3703 450 3820 affluimw’ss'
473 3717 627 3821 sequefiepup,
640 3702 663 3751 T
665 3704 683 3818 d
681 3708 862 3818 paTseqwutea
874 3701 948 3815 eistadii.
959 3699 1018 3826 gel.
1028 3693 1059 3815 ξ.
1072 3738 1110 3816 c.
1128 3695 1215 3817 llpcim

94 3773 286 3908 {habitas
296 3766 563 3903 'triersydidhiiee’ra
577 3877 609 3886 ..
620 3765 1067 3901 (dcioyatmudriiliiirduidyaimmi,
1079 3779 1214 3883 dihbrisld:

95 3905 299 3970 sepmaqcsimum,
310 3923 323 3956 r
335 3904 435 3967 (Ambr.
448 3903 483 3968 1.)
499 3901 676 3965 LXXXXL,
688 3918 711 3953 a.
729 3902 763 3952 V.
776 3902 850 3952 Varr.
863 3903 893 3951 de
905 3916 932 3950 re
943 3909 1004 3952 rust.
1016 3899 1038 3950 L
1052 3904 1074 3960 l,
1089 3905 1111 3950 l.

127 4001 195 4062 W·
217 3996 316 4060 wisera,
328 4000 353 4047 d.
378 3995 496 4057 colerae.
515 4036 548 4045 ...
574 4012 591 4044 s
606 3995 680 4055 seda,
696 3987 767 4044 Bau
792 3993 868 4055 nebu,
883 3988 935 4056 βγ.
956 4030 985 4041 ..
1011 4005 1073 4040 usuc
1086 3991 1213 4052 ratiasd.

95 4067 234 4125 ratium
247 4061 298 4130 βγ.
317 4104 349 4115 ..
369 4064 573 4128 psrqsa'sitimd
592 4103 624 4112 ..
647 4059 749 4123 cudda,
761 4077 781 4111 r.
803 4100 832 4109 -
856 4060 1029 4120 Dicimaaad.
1048 4083 1080 4108 ..-
1097 4058 1148 4122 qai,
1161 4073 1212 4108 cm.

94 4131 323 4263 &pityunte
334 4148 370 4194 sa,
383 4148 406 4182 a.
429 4147 459 4180 sa
470 4129 613 4194 diligentins,
626 4125 699 4194 ἀβγ.
718 4169 749 4179 -
760 4128 894 4201 ,cadmum
907 4129 979 4178 'l'ad
1000 4124 1123 4189 patum
1133 4133 1213 4175 craw-
