2754 4726
127 282 189 346 236
476 293 680 341 aarunnnrs
703 292 896 340 maronam

128 449 210 514 sicut
230 447 264 512 in
286 439 410 512 culcitis
432 445 639 530 praecipuam
662 442 796 532 gloriam
820 439 962 508 Cadurci
982 440 1136 528 optinent.
1170 439 1252 507 Gal-

13 626 21 639 .
127 549 240 614 liarum
261 547 322 614 hoc
345 557 375 613 et
398 557 539 612 tomenta
561 545 682 633 pariter
703 545 883 620 inventum3
906 542 1018 608 Italiae
1037 544 1167 628 quidem
1178 563 1253 610 rnos

127 650 222 716 etiam
249 671 334 714 nunc
364 648 458 713 durat
484 648 518 712 in
544 646 758 733 appellatione
787 645 961 710 stramenti.
998 644 1165 733 Aegyptio
1185 645 1252 711 lino
1268 661 1298 707 14

128 750 304 816 minumum
326 748 500 826 firmitatis,
527 748 710 832 plurumum
738 746 830 812 lucri.
867 745 1028 828 Quattuor
1048 744 1094 811 ibi
1116 768 1251 834 genera:

128 852 324 929 Taniticum,
354 848 576 927 Pelusiacum,
610 847 780 926 Buticum,
813 845 1050 932 Tentyriticum
1084 846 1252 934 regionum
1323 900 1327 915 .

127 952 321 1031 nominibus,
347 952 381 1016 in
409 948 526 1035 quibus
552 958 738 1014 nascuntur.
776 945 930 1034 Superior
952 969 1028 1034 pars
1050 947 1197 1034 Aegypti
1219 947 1252 1012 in

127 1051 283 1119 Arabiam
304 1074 442 1138 vergens
464 1049 570 1138 gignit
590 1049 740 1115 fruticem
768 1069 863 1132 quem
885 1048 983 1132 aliqui
1005 1049 1171 1134 gossipion
1192 1070 1251 1115 vo·

128 1164 214 1231 cant,
234 1153 345 1238 plures
367 1153 468 1237 xylon
483 1143 523 1217 ‘et
543 1151 616 1216 ideo
636 1151 703 1215 lina
722 1149 798 1214 inde
818 1149 906 1214 facta
920 1149 1042 1234 xylina.
1064 1149 1188 1215 Parvos
1202 1161 1253 1216 est

128 1254 326 1338 similemque
348 1251 501 1317 barbatae
523 1252 615 1317 nucis
637 1250 743 1316 defert
764 1249 904 1315 fructum
927 1249 1019 1315 cuius
1041 1270 1083 1314 ex
1103 1251 1253 1316 interiore

128 1354 286 1440 bombyce
305 1356 424 1442 lanugo
445 1364 557 1429 netur3
587 1376 647 1419 nec
675 1354 740 1419 ulla
762 1362 835 1418 sunt
857 1375 930 1417 cum
951 1352 1090 1417 candore
1111 1351 1254 1416 molliora

78 1524 82 1534 ,
128 1456 301 1542 pexiorave
308 1479 318 1532 3
356 1466 462 1521 vestes
501 1455 577 1519 inde
611 1452 828 1520 sacerdotibus
862 1451 1008 1538 Aegypti
1039 1451 1251 1540 gratissimae.

130 1555 290 1639 Quartum
311 1577 417 1645 genus
439 1566 472 1622 et
492 1553 680 1622 othoninum
700 1553 881 1638 appellant3
913 1552 951 1617 fit
972 1575 991 1618 e
1011 1553 1151 1638 palustri
1166 1555 1296 1619 voluta

128 1658 318 1735 harundine,
341 1659 509 1722 dumtaxat
529 1655 679 1742 panicula
701 1655 780 1719 eius.
805 1653 886 1718 Asia
907 1676 983 1719 vero
1004 1653 1163 1740 egenista
1176 1654 1254 1743 facit

90 1824 96 1831 ,
129 1758 195 1825 lina
216 1757 257 1822 ad
277 1757 360 1822 retia
381 1756 554 1841 praecipue
576 1755 610 1819 in
630 1754 786 1841 piscando
809 1754 973 1833 durantia,
1000 1755 1116 1821 frutice
1141 1757 1252 1822 made-

130 1859 216 1924 facto
237 1856 349 1922 decern
371 1856 495 1934 diebus,
517 1855 698 1941 Aethiopes
719 1865 826 1920 autem
842 1853 981 1939 Indique
1003 1856 1145 1937 amalis,
1168 1857 1253 1922 Ara·

130 1958 188 2025 bes
209 1981 227 2026 e
250 1956 424 2024 cucurbitis
449 1957 483 2022 in
506 1955 689 2035 arboribus,
716 1965 752 2019 ut
774 1955 931 2034 diximus,
957 1956 1087 2044 genitis.
1109 1997 1113 2004 ·

172 2060 204 2124 3.
226 2059 328 2144 Apud
350 2081 409 2125 nos
427 2058 594 2123 maturitas
608 2056 677 2122 eius
687 2056 819 2137 ¹duobus
834 2057 1031 2144 argumentis
1044 2057 1253 2143 intellegitur,
1269 2069 1297 2114 16

130 2159 361 2224 intumescente
384 2158 503 2222 semine
525 2167 582 2222 aut
603 2156 708 2222 colore
724 2156 926 2223 flavescente.
949 2157 1035 2222 Tum
1057 2158 1200 2224 evolsum
1222 2171 1255 2223 et

131 2257 166 2322 in
186 2258 357 2323 fasciculos
379 2257 536 2322 manualis
558 2257 755 2342 conligatum
781 2257 921 2322 siccatur
947 2257 981 2322 in
1003 2259 1084 2335 sole,
1110 2259 1254 2344 pendens

133 2359 294 2425 conversis
313 2379 453 2443 superne
472 2357 634 2423 radicibus
655 2349 719 2422 uno
742 2356 805 2436 die,
827 2378 904 2423 mox
916 2358 1059 2443 quinque
1073 2359 1153 2437 aliis,
1177 2380 1254 2425 con-

135 2458 240 2523 trariis
261 2458 295 2522 in
317 2481 352 2524 se
366 2459 502 2523 fascium
522 2457 751 2536 cacuminibus
773 2469 810 2523 ut
824 2480 932 2524 semen
948 2459 982 2523 in
996 2459 1138 2525 medium
1152 2459 1255 2524 cadat.

133 2558 223 2623 Inter
243 2559 455 2624 medicamina
475 2559 551 2625 huic
572 2559 622 2624 vis
644 2568 677 2623 et
696 2559 731 2622 in
751 2558 890 2642 quodam
903 2561 1024 2625 rustico
1039 2583 1077 2624 ao
1091 2558 1256 2644 praedulci

133 2659 246 2726 Italiae
276 2660 511 2746 transpadanae
533 2660 615 2737 cibo,
639 2658 697 2724 sed
718 2658 783 2723 iam
803 2659 929 2745 pridem
949 2681 1112 2725 sacrorum
1132 2670 1257 2725 tanturn

134 2760 248 2850 gratia.
276 2760 404 2827 Deinde
425 2771 500 2846 post
520 2783 659 2827 messem
681 2759 839 2825 triticeam
859 2761 970 2848 virgae
991 2761 1083 2846 ipsae
1104 2768 1299 2850 mergun-17

167 2965 237 3028 sicat,
250 2968 313 3016 aed.
339 2963 498 3032 sed‚Appnl.
522 3007 553 3016 -
578 2965 678 3028 culcitis,
691 2960 885 3030 8ae(Appnl.)
908 2965 1020 3023 maana,
1037 2963 1086 3028 (Ιβ.
1106 3009 1136 3016 -
1164 2964 1256 3016 Osdar-

135 3033 286 3097 cei‚Appnl.
306 3075 336 3083 .„
360 3041 468 3095 tomenta,
483 3035 584 3086 Merula
596 3041 621 3084 et
631 3035 736 3085 Barbar.
748 3048 764 3082 a
776 3030 900 3096 (Appul.)
927 3040 1047 3094 tormenta,
1064 3027 1134 3083 θοὰ.
1155 3075 1186 3084 ..
1205 3049 1257 3095 aaa,

136 3101 243 3152 Salmas.
256 3117 338 3152 exerc.
350 3118 375 3166 p.
389 3106 445 3152 659.
458 3119 480 3152 a.
493 3103 526 3152 A.

170 3170 185 3230 §
201 3174 238 3217 14.
264 3176 379 3230 ueneram
390 3169 606 3233 netioam,Appn1.
623 3165 886 3232 concremacione.
903 3175 1019 3231 penarum
1027 3167 1123 3227 inicam,
1132 3183 1154 3218 c.
1171 3183 1259 3232 genera

137 3231 258 3292 iniclrium,
270 3236 294 3282 d.
306 3250 394 3296 penora
407 3234 524 3283 Tunicam
535 3238 575 3285 vel
592 3235 728 3296 Taenioam,
739 3234 1048 3295 Barbam-Pelusiacam,
1059 3236 1157 3298 Appul.
1169 3233 1205 3284 ad
1212 3235 1258 3284 Pe·

138 3297 259 3357 lauriacum,
271 3313 314 3347 ac.
328 3315 357 3348 cc
368 3299 527 3360 Pelusiacam,
539 3299 609 3366 (Ιβγ.
619 3343 649 3350 -
671 3301 828 3366 Tentyricum,
839 3302 938 3366 Appul.
950 3343 981 3351 ..
991 3302 1120 3366 myconum,
1132 3305 1196 3353 aod.
1209 3317 1258 3351 cam

137 3364 267 3429 reqionum,
278 3361 329 3428 βγ.
351 3405 378 3413 ..
397 3365 471 3428 ailon,
482 3368 506 3415 d.
516 3366 589 3428 salon,
602 3383 644 3417 ac.
658 3408 689 3416 ..
708 3366 774 3429 lanu,
788 3369 892 3420 Gesner.
904 3370 963 3419 hist.
976 3370 1053 3420 anim.
1066 3375 1090 3430 4,
1102 3373 1158 3420 733.
1173 3410 1204 3418 -
1223 3368 1259 3417 in·

138 3431 238 3495 defecta,
250 3448 273 3481 a.
283 3472 314 3480 ..
324 3430 419 3495 syleae,
428 3448 469 3481 ac.
480 3432 662 3496 ..similemque
669 3433 816 3495 -fracturm
828 3438 873 3486 D2.
893 3436 980 3488 Omitt.
992 3438 1092 3487 D¹aod
1104 3436 1192 3498 (codd.
1205 3436 1259 3489 Sal·

138 3515 201 3550 mas.
215 3513 296 3549 exerc.
309 3514 333 3562 p.
346 3505 404 3548 209.
417 3502 441 3549 b.
453 3497 501 3561 D.)
524 3540 554 3548 ..
583 3498 641 3548 lanu
652 3507 726 3559 netur,
739 3501 847 3552 Salmas.
866 3544 896 3552 ..
921 3502 979 3565 alla,
992 3507 1016 3553 d.
1039 3501 1113 3564 nulla,
1125 3520 1161 3554 ac
1173 3503 1259 3565 (codd.

139 3565 262 3628 Salmas.)
280 3564 339 3626 lina,
351 3566 384 3615 Κ.
398 3607 428 3615 ..
448 3582 507 3626 cam,
518 3568 615 3616 Dacd.
633 3567 663 3627 ei,
675 3568 707 3617 K.
727 3567 768 3629 cis,
777 3564 829 3633 βγ.
842 3610 872 3619 ..
893 3569 1010 3633 molliora‚
1020 3570 1127 3621 Salmas.
1146 3570 1263 3631 molliore,

139 3636 195 3683 aod
207 3631 293 3693 (codd.
306 3631 428 3696 Salmas.)
451 3631 587 3693 mollitiave,
599 3629 650 3697 βγ.
670 3676 701 3684 ..
721 3636 858 3697 periurare,
871 3638 908 3686 ita
918 3653 966 3688 noe
979 3639 1131 3700 scripsimus,
1144 3639 1193 3689 nisi
1206 3638 1261 3701 quis

140 3700 264 3750 scribendi
276 3701 401 3750 rationem
410 3699 525 3763 pensiore
535 3701 669 3764 praeferat.
694 3704 903 3765 percenseam
927 3703 1048 3767 pinsere,
1063 3705 1110 3753 D¹.
1136 3704 1182 3767 pir
1191 3705 1261 3768 fora,

69 3809 79 3821 ,
140 3768 195 3817 aod
208 3762 295 3827 (codd.
307 3765 429 3829 Salmas.)
447 3775 470 3815 et
480 3766 603 3831 spissiora,
616 3767 724 3819 Salmas.
740 3769 909 3834 praeferenda,
921 3767 972 3836 βγ.

174 3835 242 3896 §lm
270 3832 493 3896 saumaricum,
504 3837 594 3885 Dalec.
613 3876 644 3884 ..
663 3844 692 3897 et,
705 3838 803 3900 Appul.
822 3838 910 3888 Omitt.
923 3834 1036 3902 aoddr.
1055 3879 1086 3888 ..
1106 3836 1262 3900 othoneinam,

140 3901 246 3964 Appul.,
259 3903 327 3963 quod
339 3903 439 3951 correxi
451 3903 509 3952 coll.
521 3902 626 3953 Lucian.
639 3904 705 3954 alex.
721 3911 759 3954 12.
782 3900 888 3970 κεφαλὴ
901 3901 1050 3970 δράκοντος
1057 3901 1179 3971 ὀθονίνη.
1199 3905 1262 3956 otho·

141 3965 237 4029 minam,
251 3970 275 4017 d.
297 3966 458 4031 uoluminum,
471 3985 491 4019 c.
516 3977 542 4018 at
553 3969 663 4031 homines,
676 3988 698 4020 a.
729 3970 915 4032 Orchomeniam,
927 3973 965 4023 vir
976 3976 1065 4023 doetus
1077 3976 1146 4037 apud
1157 3975 1261 4025 Barbar.

140 4030 191 4097 βγ.
211 4075 241 4085 -
260 4032 438 4097 arundineaant,
450 4037 546 4100 Appul.
565 4036 781 4101 cpoluatrr'ssoliis
793 4037 920 4087 arundinis
932 4038 970 4087 vel
980 4038 1114 4102 dumtaxat,
1126 4042 1217 4092 Dalec.
1232 4083 1261 4091 -
1359 4048 1367 4063 *

142 4117 204 4161 vero,
217 4103 313 4166 Appul.
333 4102 422 4154 Omitt.
434 4100 548 4168 uedfir.
563 4147 592 4154 -
611 4103 646 4153 cd
657 4105 726 4164 retia,
739 4107 831 4156 Tacd.
849 4113 872 4153 ct
882 4106 953 4166 retia,
965 4107 1062 4171 Appul.
1078 4148 1107 4156 -
1123 4107 1262 4172 ρναεσίριιε,

146 4161 224 4219 θΤᾶ.
241 4169 393 4233 praecipuae,
406 4171 501 4235 Appul.
518 4171 658 4235 praecipua,
671 4169 760 4236 aossr.
774 4213 805 4222 ..
824 4171 1021 4234 daritimDalec.
1037 4215 1065 4222 ..
1085 4176 1263 4239 menofantum,

143 4236 238 4305 Appul.
263 4278 292 4286 ..
321 4235 406 4300 decem,
420 4241 461 4289 cd.
490 4237 680 4304 decim,Appul.
708 4237 783 4301 denis,
800 4234 869 4303 asty.
896 4281 926 4290 ..
953 4249 1039 4302 cutem,
1052 4242 1150 4306 Appul.
1174 4243 1263 4296 Ornia.
