2754 4726
291 301 361 350 are.
378 303 453 351 xvr.
482 303 560 351 car.
578 303 678 352 xxxr.
696 304 809 352 xxxn.
838 286 936 354 secr.
952 309 1034 352 stt-so.
1180 289 1221 357 35

100 474 198 520 causa
218 453 282 519 alia
301 475 399 538 quam
419 453 548 542 prodigi
571 455 726 521 cecidisse
754 457 869 522 multas
894 479 933 523 ac
955 480 1014 523 sua
1035 469 1149 545 sponte
1170 479 1222 525 re·

100 552 291 620 surrexisse.
323 553 461 620 Factum
482 554 544 620 hoc
566 556 676 643 populi
697 556 836 622 Romam
856 555 1041 640 Quiritibus
1061 571 1223 626 ostentum

99 653 274 721 Cimbricis
300 654 394 720 bellis
420 653 581 722 Nuceriae
608 657 642 721 in
668 656 741 723 luco
768 656 902 724 Iunonis
929 660 1026 739 ulmo,
1054 672 1224 747 postquam
1260 717 1265 725 .

98 755 196 821 etiam
219 779 374 823 cacumen
395 768 595 844 amputatum
616 771 695 839 erat,
717 760 868 843 quoniam
881 758 916 824 in
930 784 1019 825 aram
1032 761 1135 848 ipsam
1149 787 1224 851 pro·

98 856 283 938 cumbebat‚
311 859 461 925 restituta
488 870 613 944 sponte,
640 861 687 925 ita
713 871 749 925 ut
774 860 921 946 protinus
946 860 1086 941 floreret,
1115 886 1135 927 a
1160 885 1224 949 quo

97 959 216 1025 deinde
239 971 384 1046 tempore
398 959 549 1026 maiestas
563 962 674 1047 populi
689 961 827 1026 Romani
847 963 1035 1042 resurrexit,
1050 986 1134 1048 quae
1149 975 1224 1031 ante
1247 988 1251 998 ·

98 1070 227 1125 vastata
254 1060 400 1126 cladibus
432 1060 548 1126 fuerat.
584 1062 785 1127 Memoratur
805 1063 866 1128 hoc
887 1063 972 1128 idem
989 1064 1117 1130 'factum
1138 1075 1170 1130 et
1190 1066 1223 1131 in
1240 1080 1300 1124 raa.

98 1159 258 1248 Philippis
285 1161 382 1227 salice
410 1161 566 1248 procidua
597 1173 693 1246 atque
724 1162 928 1241 detruncata,
961 1173 994 1229 et
1026 1162 1164 1254 Stagiris
1189 1166 1224 1231 in

98 1283 213 1327 museo
236 1264 356 1349 populo
377 1262 460 1341 alba,
490 1263 596 1328 omnia
618 1263 716 1328 fausti
745 1262 868 1329 ominis.
902 1261 971 1330 Sed
991 1288 1141 1332 maxume
1162 1266 1224 1331 mi·

98 1385 182 1442 rum,
209 1361 371 1430 Antandri
396 1365 545 1450 platanus
573 1363 668 1430 etiam
696 1363 933 1430 circumdolatis
954 1367 1108 1433 lateribus
1130 1366 1225 1432 resti·

97 1462 173 1530 bilis
205 1476 319 1550 sponte
351 1466 434 1531 facta
465 1466 613 1550 vitaeque
646 1465 771 1531 reddita
808 1466 1010 1554 longitudine
1042 1466 1225 1551 quindecim

97 1564 291 1650 cubitorum,
313 1566 525 1632 crassitudine
546 1578 699 1651 quattuor
719 1566 878 1632 ulnarum.

141 1667 192 1732 58.
214 1665 360 1734 Arbores
380 1690 460 1752 quas
488 1650 621 1734 naturae
642 1667 817 1734 debeamus
840 1667 944 1734 tribus
966 1651 1287 1735 molientem-1³4

100 1778 163 1847 tur,
177 1780 304 1853 sponte
326 1779 382 1834 aut
403 1769 523 1835 semine
545 1779 600 1834 aut
622 1769 663 1836 ab
679 1768 796 1835 radice.
820 1767 909 1836 Cura
921 1770 1123 1837 numerosior
1137 1770 1223 1837 exsi-

99 1868 165 1947 stit,
195 1869 235 1936 de
257 1891 321 1955 qua
343 1893 401 1936 suc
423 1869 568 1935 dicemus
589 1869 763 1948 volumine3
797 1893 882 1937 nunc
905 1871 990 1936 enim
1011 1881 1098 1938 totus
1119 1895 1224 1937 sermo

99 1969 139 2037 de
160 1982 276 2035 natura
298 1981 347 2036 est
366 1972 475 2037 multis
489 1971 592 2037 modis
607 1971 760 2056 mirisque
775 1970 983 2036 memorabili.
997 1969 1145 2057 Namque
1158 1995 1223 2037 non

101 2072 208 2137 omnia
228 2072 263 2137 in
284 2073 432 2139 omnibus
452 2073 530 2138 locis
549 2073 638 2138 nasci
653 2072 830 2150 docuimus,
853 2094 915 2138 nec
929 2072 1083 2137 translata
1096 2072 1221 2152 vivere3

100 2170 159 2236 hoc
192 2173 271 2238 alias
302 2173 447 2253 fastidio,
488 2174 568 2239 alias
601 2173 818 2252 contumacia,
853 2173 983 2260 saepius
1015 2172 1223 2247 inbecillitate

99 2295 311 2359 eorumquae
332 2277 565 2342 transferantur
586 2276 701 2354 evenit,
729 2276 809 2342 alias
831 2276 917 2343 caelo
938 2275 1114 2355 invidente,
1142 2276 1222 2341 alias

100 2376 165 2441 solo
186 2387 396 2462 repugnante.

140 2477 192 2543 59.
225 2476 366 2542 Fastidit
390 2475 569 2543 balsamum
595 2476 672 2542 alibi
698 2477 788 2543 nasci
822 2525 915 2544 .....
922 2526 931 2555 ,
953 2478 1092 2563 Assyria
1117 2477 1281 2543 maluerat

99 2648 213 2700 formulis
224 2665 249 2714 p.
263 2653 303 2701 ⁶7.
315 2652 353 2700 sd.
365 2650 456 2710 Bach,
467 2644 496 2711 β.
518 2650 553 2700 V.
566 2648 679 2707 Gronov.
697 2652 762 2702 obss.
775 2658 799 2711 4,
814 2658 853 2702 14.
866 2653 899 2699 ad
912 2651 980 2702 (tell.
994 2657 1016 2712 1,
1031 2655 1083 2710 la,
1101 2650 1218 2711 Niebuhr,

100 2715 169 2766 Rom.
185 2714 269 2768 Geel.
284 2723 306 2780 1,
319 2724 376 2768 326.
389 2726 416 2768 et
425 2716 529 2778 Becker,
545 2716 615 2767 Rom.
628 2715 731 2768 Alteri.
744 2725 768 2779 2,
781 2725 821 2769 23.
839 2759 871 2768 ..
896 2715 987 2779 bellam,
999 2720 1035 2768 a¹.
1054 2759 1085 2767 ..
1107 2726 1217 2781 coapata-

100 2791 233 2845 msntotam‚
250 2777 299 2835 Oa.
318 2827 349 2835 -
364 2784 451 2849 populi
459 2783 572 2845 Romam,
585 2787 608 2834 d.
624 2801 665 2849 py,
678 2801 701 2834 a.
722 2827 750 2834 -
762 2786 851 2849 saerot
862 2781 976 2846 cadam,
989 2788 1012 2836 d.

132 2853 146 2914 5
161 2858 219 2902 188.
245 2868 340 2901 musaeo
350 2851 441 2916 ropalo,
453 2868 476 2903 a.
495 2894 527 2902 ..
545 2850 670 2913 reattulit,
682 2868 705 2901 a.

132 2919 219 2980 §lta
242 2918 360 2980 exenta
382 2960 415 2970 ..
443 2919 544 2969 ἀίεωηιιε
557 2924 596 2980 17,
609 2925 640 2970 58
653 2934 724 2998 seqq.
743 2960 774 2969 ..
796 2926 838 2980 est,
850 2934 902 2968 om.
914 2921 938 2968 d.
958 2957 989 2967 ..
1012 2916 1131 2966 docuimus
1141 2920 1217 2970 variis

99 2987 168 3037 locis.
188 3027 220 3036 ..
237 2983 281 3036 too
291 2985 363 3048 attor,
374 2988 406 3038 Τ.
427 2985 486 3036 boec
496 2986 568 3049 altos,
581 2989 605 3037 d.
623 2984 666 3037 boc
677 2984 782 3050 altaque,
797 2977 841 3036 Oa.
860 2983 947 3048 hocque
959 2983 1029 3046 obire,
1040 2980 1070 3045 β.
1089 3025 1119 3035 ...
1139 2993 1216 3034 boas·

89 3055 216 3116 joanas,
231 3046 282 3104 Oa.
300 3055 483 3117 cooperantur,
495 3050 546 3115 ‹1st.

132 3124 217 3186 5185.
240 3121 310 3170 nmci
322 3120 434 3187 Aspero,
451 3123 524 3172 codd.
538 3121 603 3182 Gal,
615 3136 693 3184 qnam
709 3121 845 3170 lectionem
860 3120 960 3181 retinui,
979 3121 1071 3170 lacuna
1082 3130 1166 3172 tamm
1177 3123 1216 3173 in·

101 3189 190 3240 dicata
212 3189 282 3237 nacci
296 3196 385 3238 notura
400 3188 449 3237 abi
461 3189 488 3237 ia
505 3186 589 3252 Syrio,
600 3203 617 3236 a
632 3188 741 3250 (Rigalt
759 3202 799 3250 ap.
813 3187 921 3237 Salmas.
934 3203 1016 3238 exerc.
1029 3204 1053 3253 p.
1066 3192 1123 3240 677.
1136 3205 1159 3239 a.
1171 3189 1215 3253 u)

100 3256 166 3305 maci
175 3263 266 3304 natura
277 3255 360 3321 Syru,
375 3249 397 3304 θ
401 3257 425 3307 Τ
432 3258 456 3305 d.
481 3253 554 3316 nord,
567 3261 625 3302 noto
636 3253 748 3319 Assyrio,
759 3254 838 3304 Hard.
851 3269 875 3319 γ.
894 3255 948 3305 Iam
961 3271 1019 3305 cnm
1030 3258 1083 3321 ipse
1094 3258 1161 3308 Plin.
1176 3264 1215 3320 12,

103 3327 156 3373 lll.
174 3324 337 3374 disertissime
353 3331 437 3375 narret
453 3323 597 3374 balsamum
614 3323 657 3372 uni
674 3330 796 3372 terrarum
808 3323 920 3373 Iudaeae
931 3338 1080 3374 concessum
1096 3339 1158 3386 esse,
1171 3340 1216 3388 per

100 3392 247 3455 scripturam
264 3393 354 3455 optimi
372 3393 466 3442 codicis
483 3388 562 3440 anisi
578 3390 602 3437 io
618 3404 699 3454 paene
715 3391 786 3440 inviti
804 3406 835 3440 ec
847 3393 973 3453 ducimur,
991 3401 1021 3442 ut
1030 3392 1143 3442 Plinium
1155 3393 1215 3441 scri-

101 3459 177 3520 psisse
193 3460 306 3509 dicamus
322 3458 371 3507 nbi
385 3459 410 3507 in
426 3456 527 3507 Iudaea.
555 3457 610 3508 Illis
625 3473 686 3508 vero
703 3459 806 3509 vocibus
823 3457 872 3508 niti
884 3459 909 3508 io
926 3475 983 3509 cum
999 3460 1026 3508 in
1043 3461 1132 3509 eodem
1149 3460 1215 3509 libro

100 3527 237 3588 praemissa
247 3527 348 3589 legatur
358 3541 411 3576 vox
422 3534 517 3586 notare,
535 3540 599 3589 quas
610 3526 713 3576 librario
725 3528 820 3577 codicis
831 3542 844 3575 r
855 3542 944 3577 ansam
955 3527 1056 3589 ineptae
1068 3541 1128 3577 suae
1139 3528 1215 3576 inter·

100 3593 236 3655 polationis
258 3593 423 3657 proferendas
444 3593 525 3644 dedit:
544 3592 618 3642 nosci.
641 3591 741 3644 Natura
760 3592 809 3642 nire·
829 3592 854 3642 in
871 3593 946 3659 Syrio
962 3591 1049 3655 noluit,
1076 3610 1116 3642 nso
1132 3609 1177 3642 con
1193 3602 1216 3642 st

96 3658 203 3721 ροὶωαπι
218 3660 287 3710 mei
301 3660 343 3710 oti
357 3657 408 3710 aad¹
416 3668 504 3721 namn,
522 3661 627 3711 ulterius
639 3661 716 3710 etiam
727 3662 799 3712 nobis
811 3663 1022 3726 progrediendum
1035 3669 1079 3711 est
1103 3662 1215 3712 Tantum

101 3728 166 3777 enim
177 3729 256 3789 abest,
273 3735 303 3778 ut
317 3743 373 3778 eam
385 3743 454 3778 mero
467 3729 536 3779 castri
548 3728 695 3789 tribuamus,
712 3737 741 3778 ut
752 3730 849 3779 detecta
860 3730 936 3780 huius
947 3729 1018 3778 vocis
1030 3730 1103 3793 origo
1119 3745 1167 3780 nos
1183 3732 1215 3779 ad

100 3795 222 3846 maiorem
238 3797 357 3846 lacunam
374 3798 541 3860 detegendam
553 3797 691 3848 certissime
703 3798 793 3847 ducere
805 3796 927 3846 videatur.
949 3795 981 3846 In
992 3797 1023 3846 iis
1035 3798 1131 3847 scilicet
1142 3799 1214 3861 plan-

100 3861 137 3924 tis,
147 3878 213 3927 quae
225 3865 268 3913 nni
280 3865 358 3912 modo
368 3872 447 3914 terrae
458 3866 575 3929 propriae
587 3872 665 3925 eraut,
678 3871 747 3914 certo
758 3865 867 3928 primum
879 3865 965 3913 locum
977 3865 1139 3915 obtinuerunt
1149 3873 1215 3927 tura,

100 3932 388 4050 diffiniit?
393 3933 491 4050 llll
502 3931 749 4049 iiffllisslll
763 3931 1215 4050 ffiildllllsdlllllll

101 4074 147 4127 est,
165 4069 186 4117 si
202 4014 372 4128 turdydlmisim
390 4075 417 4116 at
431 4083 485 4117 nou
500 4067 598 4128 omisit,
615 4081 704 4117 verum
719 4066 867 4117 interierunt
881 4082 943 4116 casu
958 4076 983 4116 et
995 4016 1127 4118 osciladtia
1138 4068 1213 4117 libra·
1244 4079 1245 4084 ’

101 4133 199 4184 riorum.
222 4134 253 4183 In
270 4148 333 4183 vocs
350 4135 448 4184 scilicet
464 4142 552 4183 namra
568 4134 613 4184 ille
629 4134 714 4184 frutex
731 4134 869 4184 clarissime
883 4140 994 4197 prostat,
1011 4143 1046 4194 ct,
1063 4136 1112 4185 nisi
1129 4133 1214 4195 fallor,

101 4199 163 4251 Pliu.
175 4203 213 4252 ita
223 4203 369 4265 scripserat:
387 4199 494 4250 Fastidit
509 4199 638 4250 bobcmum
650 4199 711 4250 alt'bt'
719 4200 788 4250 acaci
797 4199 862 4249 nisi
878 4200 907 4248 in
923 4198 1054 4261 Iudaeo,
1073 4210 1143 4249 turo
1154 4199 1216 4249 nisi

101 4264 128 4316 io
142 4267 271 4338 Arabia,
289 4267 395 4334 Artynia
404 4265 482 4318 molar
492 4269 538 4318 rel.
555 4269 641 4320 Voces
652 4267 700 4317 arbe‘
708 4267 733 4317 io
743 4269 783 4318 bis
793 4276 948 4320 recurrentes
960 4270 1063 4366 pappus,
1080 4279 1109 4319 ut
1120 4261 1213 4331 saepis·
