2754 4726
161 291 223 357 att
498 304 717 353 ,arnustus
738 303 933 354 merosum

160 456 279 526 recenti
301 457 416 534 inlitis3
438 457 608 523 candorem
629 478 707 523 vero
728 464 842 542 putant
856 454 1041 544 contingere
1056 453 1097 521 iis
1113 454 1286 522 dumtaxat

160 580 243 643 quae
266 559 329 622 sint
352 557 481 624 seminis
503 557 583 635 albi,
618 557 645 622 si
672 557 791 622 harena
817 556 859 623 dc
886 555 977 622 litore
1004 578 1024 622 a
1050 555 1155 642 primo
1177 555 1285 622 incre·

160 669 268 724 mento
296 668 489 746 congeratur
514 659 548 723 in
575 658 698 723 medias
724 667 821 742 atque
842 658 1051 724 increscentia
1071 657 1149 723 folia
1171 664 1285 724 contm

91 832 94 839 ,
159 761 247 847 ipsas
268 759 455 847 religentur.
1135 805 1138 813 f

202 861 255 926 40.
283 859 366 925 Beta
391 859 625 925 hortensiorum
652 856 816 924 levissima
837 869 897 923 est.
932 857 1013 924 Eius
1035 880 1165 943 quoque
1186 879 1208 924 a
1227 879 1283 926 co-
1296 877 1337 922 raa

156 963 228 1051 lore
252 961 318 1026 duo
339 981 459 1048 genera
480 956 598 1024 Graeci
628 958 765 1036 faciunt,
792 958 921 1044 nigrum
947 969 979 1024 et
1005 959 1174 1025 candidius
1193 960 1283 1044 quod

159 1062 357 1149 praeferunt,
378 1060 557 1147 parcissimi
579 1058 720 1137 seminis,
742 1058 967 1144 appellantque
983 1057 1141 1140 Siculum,
1161 1058 1283 1128 cando·

160 1163 206 1227 ris
233 1183 310 1227 sane
337 1161 519 1226 discrimine
547 1160 766 1245 praeferentes
794 1169 825 1223 et
852 1159 1020 1225 lactucam.
1056 1159 1166 1225 Nostri
1187 1161 1284 1229 betae

159 1283 279 1351 &nera
312 1281 448 1324 vernum
481 1269 513 1322 et
539 1258 723 1324 autumnale
756 1258 877 1323 faciunt
903 1281 923 1322 a
951 1260 1153 1345 temporibus
1181 1273 1282 1342 satus,

159 1362 352 1447 quamquam
374 1371 408 1425 et
427 1359 521 1424 Iunio
544 1359 670 1424 seritur.
707 1359 959 1424 Transferuntur
983 1370 1091 1426 autem
1115 1360 1150 1425 in
1171 1360 1283 1447 planta
1295 1380 1337 1426 raa

159 1463 218 1528 hae
246 1481 373 1546 quoque
402 1471 434 1525 et
459 1458 559 1526 oblini
583 1458 659 1543 fimo
686 1457 811 1527 radices
837 1448 913 1525 suas
939 1459 1108 1544 locumque
1136 1460 1283 1528 similiter

158 1564 324 1629 madidum
357 1568 474 1626 amant.
518 1559 610 1625 Usus
635 1559 688 1624 his
713 1569 746 1624 et
767 1580 840 1624 cum
860 1558 1001 1625 lentibus
1022 1581 1061 1625 ac
1080 1561 1156 1627 faba
1175 1561 1281 1628 idem-

159 1686 222 1748 que
242 1663 299 1747 qui
320 1661 428 1738 oleris,
450 1670 482 1725 et
503 1659 705 1744 praecipuus,
727 1668 765 1722 ut
785 1659 902 1724 lenitas
923 1661 1081 1726 excitetur
1108 1662 1282 1730 ammonis

160 1763 290 1849 sinapis.
310 1759 433 1825 Medici
443 1759 660 1823 nocentiorem
670 1758 847 1841 quamolus
861 1781 932 1825 esse
946 1760 1143 1840 iudicavere,
1164 1782 1294 1848 quam·r

159 1864 269 1931 obrem
301 1859 464 1946 adpositas
495 1881 559 1923 non
590 1858 738 1934 memini3
767 1859 1063 1946 degustareetiam
1077 1861 1199 1949 religio
1218 1872 1280 1943 cat,

158 1975 196 2029 ut
216 1962 333 2028 validis
355 1961 464 2047 potius
485 1961 519 2024 in
540 1958 612 2025 cibo
635 1958 709 2024 sint.
733 1956 873 2025 Gemina
887 1960 929 2026 iis
942 1972 1059 2027 natura
1079 1973 1111 2027 ct
1130 1962 1228 2029 cleris
1247 1974 1335 2030 attat

159 2065 263 2151 capite
285 2064 356 2148 ipso
372 2059 549 2127 exsilientia
563 2058 669 2137 bulbi,
691 2060 816 2146 species
838 2083 962 2126 summa
981 2062 1016 2126 in
1036 2063 1219 2143 latitudine;
1241 2085 1282 2131 ea

159 2163 316 2249 contingit
335 2171 374 2225 ut
393 2161 429 2224 in
449 2160 600 2243 lactucis,
627 2181 700 2225 cum
722 2161 887 2247 coeperint
914 2162 1051 2228 colorem
1078 2164 1204 2230 trahere
1229 2165 1280 2231 in·

159 2258 350 2349 positolevi
371 2260 523 2345 pondere.
544 2256 660 2342 Neque
681 2259 736 2324 alii
757 2260 992 2327 hortensiorum
1012 2262 1148 2330 latitudo
1163 2265 1280 2341 maian

82 2400 87 2409 .
159 2365 192 2428 in
214 2362 307 2428 binos
328 2360 428 2447 pedes
449 2358 621 2444 aliquando
643 2381 677 2426 se
698 2361 855 2447 pandunt,
877 2361 1012 2428 multum
1034 2375 1068 2430 et
1089 2364 1148 2430 soli
1164 2375 1280 2431 natura

159 2461 342 2530 conserente
347 2485 357 2538 3
379 2461 440 2527 hae
460 2458 590 2545 quidem
611 2460 645 2526 in
667 2457 842 2529 Circeiensi
862 2485 945 2551 agro
964 2463 1181 2551 amplissimae
1201 2488 1278 2552 pro-

160 2565 298 2630 veniunt.
338 2560 421 2632 Sunt
447 2562 502 2650 qui
534 2563 625 2632 betas
651 2564 770 2653 punica
795 2565 880 2630 malo
905 2563 1037 2632 florente
1063 2576 1193 2654 optume
1215 2567 1278 2633 seri
1291 2583 1333 2630 ras

159 2667 366 2745 existumem,
400 2667 568 2733 transferri
600 2678 708 2734 autem
745 2689 818 2734 cum
850 2669 991 2754 quinque
1022 2668 1170 2734 foliorum
1207 2690 1279 2735 esse

159 2770 333 2855 coeperint.
354 2766 442 2833 Mira
464 2767 658 2846 differentia,
679 2768 707 2833 si
728 2790 806 2833 vera
826 2778 886 2848 est,
909 2769 1055 2836 candidis
1076 2769 1182 2835 alvom
1195 2768 1277 2848 clici,

158 2871 261 2957 nigris
281 2869 437 2949 inhiberi,
471 2880 504 2935 et
535 2890 608 2936 cum
633 2869 776 2935 brassica
797 2881 1026 2958 conrumpatur
1046 2870 1081 2935 in
1103 2869 1190 2936 dolio
1211 2868 1279 2936 viui

159 2992 266 3059 sapor,
288 2972 419 3037 odorem
440 2968 533 3037 betae
555 2970 638 3036 foliis
660 2970 814 3036 demersis
835 2971 971 3037 restitui.

192 3109 316 3160 candorem
323 3109 492 3170 ,dumtaxat
501 3124 552 3160 om.
562 3125 583 3160 c.
594 3151 626 3159 ..
639 3108 683 3170 ta,
692 3111 736 3159 ad.
744 3150 775 3159 ..
785 3119 949 3175 concrepatur,
959 3126 981 3161 c.
991 3152 1022 3161 ..
1036 3113 1095 3175 ipso,
1104 3128 1146 3163 ac.
1159 3113 1276 3177 ipsamd.

192 3176 208 3238 ξ
222 3183 277 3227 132.
301 3176 437 3239 candidan,
448 3176 545 3241 Appul
568 3176 661 3243 asprum
673 3182 696 3226 et
706 3173 834 3226 candidam
846 3193 925 3242 qaam,
937 3193 957 3228 r.
981 3178 1089 3244 Sumpta
1099 3181 1164 3230 haec
1175 3189 1234 3231 sunt
1245 3195 1277 3231 ex

159 3242 290 3306 Theophr.
302 3244 363 3312 hist
374 3242 528 3306 planam
541 3252 566 3306 4,
578 3248 602 3295 2.
621 3285 652 3294 ..
676 3242 799 3307 bancam,
812 3246 919 3297 Tacdr.
946 3243 1060 3307 hetonae,
1070 3242 1100 3308 β.
1127 3246 1276 3308 atlacmeae,

158 3308 227 3360 Pina
243 3348 273 3358 ..
287 3307 458 3372 facebatpcst
468 3310 605 3359 damnula
615 3312 711 3360 hahent
721 3327 764 3373 ac,
781 3321 842 3376 post
850 3328 940 3377 aaran
951 3308 1021 3377 ᾱβγ.
1039 3353 1070 3362 ..
1087 3319 1163 3376 rann,
1179 3308 1275 3366 OKaa

159 3382 265 3438 eantque,
276 3376 329 3425 Td.
346 3374 439 3436 radah,
447 3371 477 3437 β.
495 3415 527 3424 -
544 3383 645 3436 serutar,
658 3377 682 3425 d.

192 3442 209 3508 ς
222 3446 279 3492 lau.
300 3438 462 3503 dianasertar,
472 3440 536 3492 aad.
547 3481 578 3490 ..
591 3440 675 3490 buram
684 3439 784 3504 pansae
794 3458 891 3508 qnoque,
900 3446 987 3497 Dslcc.
997 3488 1028 3497 ..
1041 3445 1086 3508 lia,
1095 3448 1158 3498 aad.
1177 3447 1215 3509 tn,
1225 3443 1275 3512 βγ.

162 3551 193 3560 -
211 3508 318 3569 lanatas,
329 3510 366 3558 itu
377 3522 425 3558 nos
437 3506 589 3572 scripsimus.
607 3502 683 3570 tata,
694 3508 757 3559 aad.
775 3507 842 3573 bate,
853 3509 905 3578 βγ,
924 3555 955 3564 ..
973 3511 1017 3563 sed
1023 3513 1174 3578 prmcipaas,
1186 3516 1275 3566 Deice.

162 3615 193 3626 ..
210 3575 371 3634 nocentiorem
387 3589 403 3624 a
418 3572 504 3636 (codd.
517 3573 587 3638 Gel.)
612 3574 796 3639 innocentiorem,
815 3573 899 3631 θοᾶν.
924 3621 955 3631 ..
982 3597 1028 3630 non
1044 3581 1206 3642 martiniac.
1232 3597 1275 3632 non

160 3644 253 3705 annisi,
264 3648 280 3695 d
291 3641 379 3707 (codd.
390 3640 517 3703 Barbati).
536 3640 624 3691 nomini
632 3658 687 3706 aon,
698 3660 718 3693 r.

194 3710 279 3776 ΗΜ.
301 3708 402 3762 canae
413 3708 450 3771 iis,
462 3725 505 3760 ac.
526 3708 667 3770 Geniinalis,
680 3713 703 3761 d.
722 3751 754 3760 ..
772 3719 796 3760 et
807 3710 884 3774 oleru,
895 3729 937 3764 ac.
955 3723 989 3763 est
1000 3713 1078 3775 oleris,
1090 3718 1114 3765 d.
1133 3756 1165 3765 ..
1184 3722 1276 3779 capua,

159 3790 183 3827 c.
200 3818 232 3829 ..
250 3775 377 3836 emiliana
388 3777 477 3828 Delec.
494 3778 528 3827 V.
541 3777 687 3828 Schneider.
699 3780 732 3829 ad
743 3779 969 3844 Theophr.l.l.1.
983 3788 1022 3844 10,
1036 3788 1150 3845 apat.
1170 3822 1202 3832 ..
1220 3781 1276 3832 lati·

160 3842 270 3907 tudinem
285 3845 382 3909 Appnl.
404 3883 435 3894 ..
461 3842 551 3893 rmrlem
568 3843 669 3904 trabem,
684 3847 718 3896 K.
741 3886 772 3895 ..
796 3847 918 3909 pandant,
935 3864 969 3899 ac
984 3847 1108 3913 (Appul.)
1133 3849 1276 3913 maduit.

158 3910 212 3963 Τὰ.
230 3954 260 3963 -
280 3911 418 3974 conserente,
429 3915 453 3962 d.
479 3913 611 3976 conferrent
621 3921 717 3973 eat,sc.
743 3915 841 3978 consen.
854 3914 895 3978 eie,
908 3930 928 3965 r.
947 3954 978 3965 -
1005 3915 1219 3978 Ιιαεᾳκὲἀαη,ιο.
1244 3915 1276 3964 si·

157 3977 260 4041 qudem,
272 3981 325 4030 Td.
343 3986 366 4027 et
375 3977 476 4041 quiden,
486 3996 507 4030 r.
722 4002 725 4007 ⁴

191 4048 270 4110 slat
302 4044 396 4110 panno,
412 4049 455 4096 cd.
475 4086 505 4096 ..
531 4045 609 4095 nam
624 4045 684 4102 elici,
699 4048 789 4099 Dulce.
815 4047 869 4098 alvo
885 4048 968 4111 melici,
983 4044 1054 4102 θοὰ.
1079 4049 1242 4110 maculat
1253 4066 1275 4100 a

156 4107 237 4161 alvan
248 4112 309 4174 elici,
318 4115 349 4164 Τ.
367 4113 435 4163 aiant
444 4112 499 4164 alvo
509 4112 600 4174 nediu,
608 4115 705 4178 Appul.
722 4112 783 4164 sobri
792 4114 859 4165 alvos
870 4114 966 4178 modice,
977 4113 1028 4181 βγ.
1039 4156 1070 4168 ...
1084 4118 1201 4180 mea
1213 4119 1276 4169 aed.

157 4177 312 4241 humarum,
327 4182 424 4246 Appul.
442 4222 473 4232 ..
501 4180 552 4230 vini
565 4196 645 4245 sapor,
662 4182 697 4232 cd
714 4179 838 4246 (Appul.)
861 4200 914 4233 ean
928 4200 1022 4248 sapore,
1039 4201 1062 4236 a
1082 4226 1113 4235 ..
1139 4185 1276 4247 edoma.

156 4242 245 4308 Men,
257 4249 292 4297 cd
304 4245 426 4314 (Appul.)
442 4248 522 4312 odore,
532 4244 584 4313 βγ.
606 4288 633 4298 ..
644 4247 725 4311 flattu,
737 4264 753 4298 a
766 4248 889 4316 (Appul.)
897 4251 972 4316 solio,
983 4255 1027 4303 cd.
