2754 4726
342 292 411 340 Lm.
426 295 526 341 xvrn.
556 294 634 341 oar.
651 296 752 341 xxrx.
769 298 855 345 xxx.
885 297 983 346 sacr.
998 301 1081 344 can.
1211 288 1273 352 216

151 445 194 511 ad
214 467 352 510 messem
366 454 455 509 creta
472 467 681 530 praeparare,
707 443 840 513 Catonis
862 450 1019 515 sententia
1040 473 1171 516 amurca
1193 461 1272 518 tem·

150 557 306 634 peratum,
329 544 458 632 Vergili
472 545 649 631 operosius.
671 545 797 614 Maiore
819 571 860 613 ex
882 561 974 635 parte
989 563 1126 634 aequant
1148 562 1272 618 tantum

149 659 183 715 et
202 648 281 712 fimo
301 645 422 712 bubulo
445 646 592 712 dilutiore
610 647 757 712 inlinunt.
780 649 819 713 Id
843 649 921 715 satis
942 650 983 715 ad
1004 651 1147 735 pulveris
1168 675 1271 719 reme-
1313 702 1320 712 .

149 750 239 815 dium
261 747 398 813 videtur.

191 848 315 916 XXX.
339 852 390 913 72.
412 847 532 929 Messis
554 849 656 935 ipsius
676 851 758 916 ratio
780 852 879 917 varia.
903 849 1083 920 Galliarum
1096 852 1273 919 latifundiis
1286 874 1334 919 sss

149 952 224 1018 velli
244 948 464 1037 praegrandes
487 950 635 1016 dentibus
657 953 691 1016 in
717 953 862 1039 margine
891 954 1015 1019 infestis
1048 937 1174 1019 duabus
1195 953 1273 1019 rotis

148 1076 207 1140 per
228 1061 372 1138 segetem
393 1050 604 1133 inpelluntur,
631 1052 773 1119 iumento
798 1053 834 1119 in
856 1055 1048 1120 contrarium
1068 1055 1179 1120 iuncto
1186 1079 1196 1132 3
1229 1054 1275 1121 ita

150 1156 303 1239 dereptae
324 1152 359 1215 in
380 1149 498 1215 vallum
514 1151 632 1217 cadunt
648 1154 766 1239 spicae.
791 1147 937 1240 Stipulae
957 1155 1033 1221 alibi
1047 1155 1171 1222 mediae
1192 1153 1273 1221 falce

148 1255 377 1341 praeciduntur
404 1263 499 1335 atque
527 1253 612 1318 inter
641 1253 721 1318 duas
750 1255 904 1341 mergites
931 1256 1019 1342 spica
1040 1255 1271 1343 destringitur;

149 1356 226 1423 alibi
253 1355 294 1421 ab
322 1351 430 1418 radice
458 1352 597 1431 vellunt,
630 1353 749 1440 quique
769 1355 804 1418 id
833 1355 956 1422 faciunt
987 1356 1152 1443 proscindi
1173 1355 1216 1423 ab
1238 1377 1273 1420 se

149 1455 253 1522 obiter
273 1476 388 1541 agrum
409 1453 678 1539 interpretantur,
712 1479 785 1522 curn
813 1456 981 1522 extrahant
1003 1481 1125 1524 sucum.
1163 1455 1271 1525 Diffe·
1286 1473 1333 1519 297

90 1618 96 1632 ,
148 1557 255 1623 rentia
274 1555 371 1622 baec:
394 1554 451 1620 ubi
471 1555 589 1641 stipula
604 1556 715 1623 domos
731 1568 921 1643 contegunt,
944 1580 1041 1642 quam
1053 1557 1272 1644 longissimam

148 1667 293 1734 servant3
326 1655 383 1721 ubi
411 1655 478 1722 feni
506 1656 616 1742 inopia
643 1666 708 1734 est,
749 1669 922 1725 stramento
950 1660 1076 1746 paleam
1103 1669 1272 1742 quaerunt.

147 1758 262 1824 Panici
284 1758 388 1823 culmo
409 1779 474 1822 non
497 1768 628 1843 tegtmt,
651 1759 719 1824 mili
742 1760 882 1825 culmum
902 1761 969 1826 fere
990 1761 1139 1839 inurunt,
1161 1759 1272 1827 hordei

148 1861 299 1945 stipulam
318 1856 424 1923 bubus
445 1858 662 1946 gratissimam
684 1872 821 1925 servant.
843 1859 1000 1926 Panicum
1021 1871 1055 1925 et
1067 1861 1190 1926 milium
1204 1861 1287 1937 sin-⁸

146 1959 283 2048 gillatim
310 1958 439 2044 pectine
467 1958 609 2023 manusb
635 1959 748 2045 legunt
777 1957 913 2025 Galliae.
949 1959 1070 2025 Messis
1097 1960 1168 2045 ipsa
1195 1959 1272 2027 alibi
1285 1975 1333 2021 aas

147 2060 274 2152 tribulis
292 2057 430 2139 inarea',
453 2061 530 2125 alibi
551 2083 706 2145 equarum
729 2060 895 2149 gressibus
917 2061 1082 2139 exteritur,
1106 2061 1182 2127 alibi
1195 2047 1278 2146 pei!

148 2163 220 2228 ticis
240 2161 430 2250 flagellatur.
466 2160 625 2228 Triticum
652 2182 717 2245 quo
740 2162 843 2227 serius
864 2161 1012 2240 metitur,
1040 2161 1200 2249 copiosius
1220 2161 1271 2228 in-

146 2263 285 2341 venitur,
307 2285 372 2348 quo
391 2262 525 2328 celerius
544 2284 637 2341 vero,
659 2261 721 2328 boc
744 2263 920 2348 speciosius
942 2285 981 2330 ac
1001 2262 1175 2330 robustius.
1198 2262 1271 2329 Lex

147 2365 324 2452 aptissima,
347 2373 516 2447 antequam
537 2384 676 2449 granum
696 2363 882 2430 indurescat
903 2375 935 2430 et
956 2386 1029 2430 cum
1049 2364 1114 2429 iam
1136 2363 1272 2431 traxerit

146 2466 294 2544 colorem,
326 2466 491 2531 oraculum
511 2486 590 2530 vero
608 2464 706 2530 biduo
727 2465 859 2533 celerius
878 2487 1016 2531 messem
1035 2465 1141 2530 facere
1161 2466 1270 2550 potius

146 2591 243 2653 quam
271 2566 370 2632 biduo
398 2565 512 2631 serius.
550 2563 698 2650 Siliginis
724 2576 756 2630 et
784 2565 880 2630 tritici
901 2565 1013 2630 eadem
1035 2565 1117 2630 ratio
1137 2565 1173 2629 in
1194 2587 1271 2631 area

145 2669 335 2754 horreoque.
355 2667 434 2746 Far,
456 2666 532 2751 quia
553 2665 724 2730 difficulter
746 2665 922 2742 excutitur,
945 2664 1093 2729 convenit
1115 2688 1188 2730 curn
1209 2687 1268 2751 pa·

145 2770 196 2835 lea
219 2792 278 2835 sua
299 2769 412 2848 condi,
448 2778 481 2833 et
504 2766 623 2853 stipula
644 2776 768 2831 tantum
790 2776 822 2831 et
842 2764 949 2829 aristis
971 2763 1134 2830 liberatur.
1170 2764 1270 2831 Palea
1283 2774 1332 2820 2⁹⁹

145 2871 254 2957 plures
279 2870 426 2958 gentium
458 2889 517 2954 pro
545 2868 619 2933 leno
646 2875 796 2942 utuntur3
829 2865 940 2930 melior
967 2887 1019 2943 ea,
1052 2886 1115 2947 quo
1145 2865 1270 2931 tenuior

146 2971 363 3054 minutiorque
386 2981 418 3035 et
439 2969 566 3054 pulveri
587 2969 717 3055 propior
724 2992 733 3044 3
767 2967 840 3032 ideo
862 2976 995 3052 optuma
1017 2987 1034 3028 e
1056 2965 1160 3043 milio,
1193 2988 1269 3052 pro·

146 3095 243 3139 xuma
265 3094 305 3137 ex
326 3070 462 3148 hordeo,
488 3069 629 3156 pessima
655 3093 696 3134 ex
725 3068 847 3146 tritico,
874 3075 1100 3153 praeterquam
1121 3067 1270 3135 iumentis

179 3211 265 3272 §wia
291 3210 439 3272 iterumad.
459 3251 490 3259 ..
508 3209 591 3269 abia.
618 3215 662 3256 aut
676 3206 788 3265 notro.
807 3246 839 3255 -
861 3205 986 3266 canrosa,
999 3222 1022 3255 a.
1046 3247 1077 3255 ..
1098 3219 1220 3269 purpore3
1234 3204 1270 3254 ita

145 3295 192 3329 nos
204 3279 356 3343 scripsimus.
371 3275 483 3342 purgari,
493 3271 587 3339 adstr.
606 3315 638 3324 ..
657 3271 776 3334 hordeum,
789 3274 820 3323 T.
841 3313 872 3322 ..
890 3271 931 3335 ad,
944 3274 1025 3322 omitt.
1038 3276 1082 3334 ad,
1095 3275 1163 3322 unde
1175 3271 1199 3320 in
1211 3287 1270 3320 mes·

145 3361 192 3393 sem
209 3347 344 3410 legendum
355 3354 438 3408 puto:
452 3385 484 3393 -
509 3350 583 3404 creta,
595 3344 619 3392 d.
642 3343 699 3393 Om.
718 3356 741 3390 a.
765 3355 918 3404 praeparare
935 3347 999 3401 terra
1015 3356 1062 3389 am.
1080 3347 1209 3403 temperato
1223 3336 1269 3388 Oc·

147 3413 206 3462 tonis
217 3420 284 3475 sent,
296 3414 364 3464 Pint.
383 3453 415 3460 ..
436 3409 614 3460 catenadam
625 3417 686 3460 rust.
700 3413 757 3459 129.
776 3408 896 3460 Ceterum
910 3404 1007 3456 Catonis
1019 3414 1045 3457 et
1062 3405 1156 3473 Verqib‘
1165 3407 1271 3457 uomina

146 3480 334 3546 transponenda
351 3487 424 3544 putat
436 3478 554 3529 Schneid.
572 3480 604 3527 ad
616 3477 707 3529 Geton.
725 3481 756 3527 de
773 3492 800 3526 rc
817 3485 878 3527 rust.
891 3482 931 3526 91.
943 3492 968 3541 p.
984 3483 1039 3526 141.
1058 3517 1089 3525 ..
1110 3481 1269 3538 temperatam,

146 3550 208 3598 adr.
228 3555 365 3612 temperato,
376 3542 405 3608 β.
425 3587 457 3594 ..
482 3542 575 3609 Vergili
584 3560 671 3609 georg.
685 3550 708 3606 1,
722 3549 779 3595 179.

179 3614 194 3675 ἓ
207 3622 265 3666 296.
282 3613 412 3666 vehiculum
423 3610 745 3676 praeproade..impcllitur
753 3651 780 3659 ..
789 3609 925 3670 vehiculum,
935 3611 1026 3660 Dalec.
1041 3651 1072 3659 ..
1092 3607 1211 3670 dereptae,
1222 3608 1269 3656 ad.

145 3682 261 3746 direptae,
271 3680 321 3748 βγ.
342 3723 373 3730 ..
391 3678 477 3741 media,
490 3682 563 3731 Tad.
571 3687 612 3729 ¹..
630 3695 731 3744 maryres,
743 3680 810 3730 Pint.
823 3686 848 3728 et
859 3679 977 3730 Schneid.
991 3680 1023 3727 ad
1034 3678 1109 3727 Varr.
1123 3677 1154 3725 de
1166 3690 1193 3724 re
1204 3682 1267 3725 rust.

145 3749 166 3800 I.
180 3757 220 3812 50,
234 3757 257 3802 2.
269 3767 294 3815 p.
307 3756 366 3800 360.
387 3789 417 3798 -
435 3747 504 3812 spica
516 3746 675 3812 destringitur,
687 3749 724 3798 ita
734 3762 782 3797 nos
795 3748 950 3811 scripsimus.
972 3742 1086 3808 spt'candc
1097 3742 1232 3808 stringitur,
1244 3757 1269 3791 a.

145 3816 380 3882 spicudr'sm'npr‘tar,
393 3810 464 3880 (ὶβγ.
490 3857 520 3865 ..
544 3814 608 3878 qaod
618 3814 770 3878 quifcciant,
783 3815 816 3865 K.
840 3855 871 3863 -
900 3827 951 3860 cum
963 3810 1202 3873 arremarensem,
1215 3825 1269 3860 cor·

146 3894 222 3949 rupta
235 3887 297 3937 dicit
307 3885 392 3936 Hand.
406 3884 517 3934 Turseli.
530 3891 554 3944 4,
566 3890 624 3935 364.
1060 3941 1062 3944 ⁴

179 3955 264 4016 5297.
290 3952 433 4016 inopr'aest3
446 3952 546 4016 probis
558 3967 597 4001 vv.
610 3954 671 4002 dant
683 3950 758 4015 inopis
770 3966 794 4009 a,
821 3947 902 4012 iuopia
919 3948 971 3996 Td.
997 3988 1027 3996 ..
1055 3943 1204 4011 singillatim,
1223 3945 1267 3993 ad.

144 4019 291 4085 singulatim,
303 4034 328 4084 γ.
348 4061 378 4068 ..
397 4017 495 4079 maroli,
508 4020 560 4070 Td.

94 4094 106 4114 ⁶
180 4086 266 4147 §aaa
295 4089 416 4147 amaad.
436 4127 466 4135 ..
486 4102 557 4149 quam
570 4085 680 4147 biduaa.
700 4084 896 4148 biduoqaara,d.
916 4123 946 4132 -
966 4081 1118 4140 scritur,ad.
1139 4118 1168 4127 -
1188 4075 1269 4127 eadem

146 4153 217 4216 ratio,
229 4157 297 4205 Pint.
316 4153 387 4203 etiam
399 4151 471 4214 ratio,
483 4156 519 4203 ad
549 4168 574 4218 γ.
594 4195 624 4203 -
643 4151 708 4216 qaia,
721 4168 744 4201 a.
763 4167 841 4214 qaam,
854 4153 878 4199 (1.

180 4225 265 4286 §aaa
292 4239 346 4286 quo,
359 4223 403 4270 ad.
431 4236 499 4283 quae,
537 4234 562 4285 γ.
588 4261 618 4270 ..
643 4219 763 4283 proprior,
776 4234 798 4268 a.
822 4259 853 4267 ..
873 4223 969 4279 optuma
986 4230 1011 4275 e;
1028 4229 1074 4278 pro
1087 4215 1128 4264 his
1140 4229 1180 4264 vv.
1192 4211 1270 4262 habet

147 4289 233 4352 optime
246 4307 269 4352 a,
287 4289 377 4355 optimo
390 4290 413 4338 d.
489 4322 494 4340 t
