2754 4726
118 299 159 362 60
399 299 401 303 '
465 309 667 356 utrumuis
691 304 884 379 maronias

117 487 195 530 xum
214 461 410 551 pertinacius
431 461 583 525 resistunt
605 477 824 540 serrarumque
846 454 951 519 dentis
972 454 1099 538 replent
1112 476 1237 539 aequa-

117 565 204 630 litate
225 563 329 640 inerti,
350 583 413 645 qua
428 560 467 624 de
482 583 579 625 causa
593 559 715 623 alterna
728 556 930 622 inclinatione
946 566 1081 640 egerunt
1096 555 1239 621 scobem,

118 662 407 730 Oboedientissima
421 682 622 745 quocumque
641 660 675 723 in
696 679 793 742 opere
813 655 958 720 fraxinus
979 655 1154 739 eademque
1175 655 1238 720 ha·
1253 675 1302 719 aas

119 765 176 831 stis
199 763 305 847 corylo
326 762 452 839 melior,
481 783 578 826 cornu
598 759 709 836 levior,
738 756 831 822 sorbo
851 756 975 838 lentior,
1011 753 1137 820 Gallica
1158 778 1239 821 vero

117 864 274 931 etiamad
296 886 409 928 currus
429 859 577 935 flexibili3
601 859 698 924 vitem
720 858 935 922 aemularetur
955 857 1073 934 ulmus,
1094 858 1129 921 ui
1143 877 1237 942 pon-

119 964 180 1031 dus
201 975 285 1031 esset
305 964 339 1026 in
361 963 464 1046 culpa.

161 1065 212 1129 84.
234 1063 355 1128 Facilis
377 1074 409 1127 et
430 1063 537 1149 fagus,
560 1058 759 1144 quamquam·
774 1058 897 1145 fragilis
919 1069 953 1123 et
974 1068 1098 1136 tenera3
1122 1056 1237 1123 eadem
1252 1074 1302 1120 aas

119 1163 283 1229 sectilibus
309 1163 423 1228 lamnis
449 1162 483 1226 in
510 1161 596 1226 tenui
625 1161 740 1227 flexilis
768 1161 937 1247 capsisque
959 1182 997 1225 ac
1020 1158 1146 1225 scriniis
1167 1158 1239 1222 sola

119 1263 215 1329 utilis.
248 1261 386 1329 Secatur
411 1263 445 1327 in
465 1263 587 1326 lamnas
609 1262 793 1347 praetenuis
815 1271 847 1325 et
866 1260 947 1337 ilex,
977 1258 1081 1325 colore
1108 1279 1238 1343 quoque

117 1387 182 1429 non
202 1365 341 1451 ingrata,
366 1365 423 1428 sed
444 1384 591 1427 maxume
612 1363 677 1426 fida
697 1362 736 1426 iis
759 1384 840 1445 quae
863 1371 1015 1438 tcantur,
1037 1369 1074 1423 ut
1095 1369 1238 1424 rotarum

118 1464 248 1543 axibus,
275 1465 317 1530 ad
339 1487 418 1548 quos
440 1465 559 1529 lentore
581 1464 729 1528 fraxinus
757 1463 838 1528 siout
866 1461 983 1526 duritia
1003 1461 1068 1525 ilex
1090 1469 1123 1525 et
1143 1470 1236 1524 utro-

118 1588 181 1651 que
208 1565 325 1652 legitur
353 1566 468 1630 ulmus.
503 1562 588 1629 Sunt
614 1586 689 1629 vero
720 1574 752 1627 et
779 1563 870 1648 parvi
891 1584 970 1627 mus
990 1559 1152 1626 fabrilium
1171 1561 1236 1625 mi·
1252 1579 1303 1622 eoo

117 1666 320 1731 nisteriorum
345 1666 501 1751 insignes,
527 1665 663 1747 ideoque
691 1663 852 1748 proditum
881 1662 1016 1746 tere-igi)
1038 1661 1173 1748 vaginas
1194 1680 1238 1727 ex

118 1765 265 1845 oleastro,
288 1766 385 1844 buxo,
408 1766 490 1843 ilice,
512 1767 609 1841 ulmo,
624 1763 749 1827 fraxino
765 1764 949 1829 utilissimas
963 1762 1044 1840 fieri,
1067 1786 1107 1827 ex
1120 1762 1238 1827 iisdem

118 1868 248 1932 malleos
268 1866 464 1949 maioresque
486 1887 503 1929 e
525 1865 604 1949 pinu
626 1876 659 1929 et
679 1865 761 1930 ilice.
802 1863 848 1928 Et
873 1864 924 1930 his
945 1875 1052 1929 autem
1072 1865 1173 1929 maior
1192 1865 1238 1928 ad

95 1956 96 1962 ἵ
118 1967 299 2033 firmitatem
314 1986 412 2033 causa
424 1965 632 2052 tempestivae
645 1988 795 2032 caesurae
807 1988 903 2049 quam
913 1966 1100 2044 inmaturae,
1116 1965 1237 2051 quippe

119 2091 193 2134 cum
219 2092 260 2133 ex
286 2069 372 2146 olea,
404 2067 574 2132 durissimo
600 2065 705 2152 ligno,
736 2067 881 2131 cardines
909 2066 941 2129 in
968 2066 1090 2132 foribus
1115 2065 1238 2130 diutius

119 2167 230 2232 inmoti
251 2170 378 2253 plantae
399 2168 492 2232 modo
514 2165 774 2254 germinaverint.
813 2159 902 2232 Cato
922 2160 1022 2232 vectis
1051 2165 1238 2251 aquifolios,

119 2269 261 2345 laureos,
283 2268 404 2332 ulmeos
426 2267 495 2331 lieri
515 2266 619 2344 iubet,
650 2266 804 2354 Hyginus
825 2266 993 2332 manubria
1013 2267 1142 2332 rusticis
1165 2289 1237 2331 car·

120 2367 226 2452 pinea,
255 2368 362 2454 iligna,
391 2390 510 2432 cerrea.
545 2366 639 2447 Quae
666 2367 700 2430 in
726 2359 850 2433 lamnai
870 2378 1019 2433 secantur
1038 2390 1238 2453 quorumque
1253 2385 1329 2442 aar,

120 2469 318 2553 operimento
339 2468 495 2533 vestiatur
520 2467 582 2533 alia
608 2470 772 2548 materies,
806 2469 980 2555 praecipua
1009 2480 1083 2534 sunt
1110 2469 1237 2549 citrum,

123 2710 154 2761 T.
182 2717 216 2758 ter
233 2709 375 2772 ascendunt,
392 2713 442 2760 r¹².
468 2726 539 2773 quam
556 2709 645 2759 viridia
659 2709 732 2758 serris
748 2710 842 2771 cedunt,
859 2708 889 2773 β
914 2727 994 2760 serrae
1005 2710 1095 2771 cedant,
1111 2710 1200 2760 Dalec.
1212 2723 1239 2774 γ.

123 2778 283 2841 Quamquam
301 2793 399 2828 sumere
414 2779 485 2840 licet,
502 2779 614 2828 Plinium
630 2793 692 2827 voce
711 2777 800 2827 terendi
813 2795 888 2829 usum
906 2778 996 2840 luisse,
1014 2782 1083 2842 quod
1099 2779 1192 2842 pariter
1202 2780 1239 2827 ad

123 2847 251 2896 serrabilia
262 2856 337 2909 atque
349 2846 383 2894 ad
392 2846 489 2895 sectilia
497 2846 583 2895 referri
592 2847 679 2910 possit,
689 2853 774 2895 tamen
786 2847 848 2895 mihi
860 2861 980 2910 perquam
993 2846 1122 2910 probabile
1134 2853 1171 2895 est
1179 2861 1240 2894 eum

123 2913 251 2976 scripsisse
267 2929 358 2971 serres,
376 2929 426 2976 quo
442 2914 517 2962 verbo
528 2911 641 2960 terrendi
655 2921 720 2963 certe
736 2913 827 2976 Veget.
844 2915 876 2962 de
892 2915 964 2962 milit.
978 2921 1002 2975 2,
1015 2919 1055 2962 25.
1067 2929 1129 2964 naus
1141 2921 1185 2963 est
1204 2952 1239 2962 ...

123 2978 219 3040 viridia,
232 2982 325 3031 Tadr¹
335 2986 351 3030 ².
371 2982 427 3032 Om.
439 2976 468 3042 β.
487 3020 519 3030 ..
535 2979 687 3043 pertinacius,
700 2981 771 3030 Tad.
795 2997 857 3043 quae
864 2980 1017 3044 pertinaciae,
1029 2975 1058 3041 β.
1077 3021 1109 3029 ..
1126 2978 1239 3044 replente,

125 3048 149 3097 d.
168 3088 198 3097 -
217 3050 327 3107 scrobem,
339 3065 362 3097 a.

157 3116 241 3178 5228.
263 3114 477 3176 oboedientissima,
487 3107 512 3164 a.
538 3113 739 3175 obedientissima,
751 3110 822 3177 ᾱβγ.
842 3154 872 3163 -
888 3114 1000 3178 flexibili,
1017 3117 1083 3176 adr,
1106 3117 1174 3179 quot
1189 3128 1240 3177 ego

125 3183 217 3244 recepi,
233 3182 269 3229 ita
280 3189 309 3231 ut
319 3184 394 3231 verba
409 3179 653 3246 Gallica-flexibili
665 3197 711 3246 per
727 3182 852 3231 ablativos
864 3183 996 3232 absolutos
1008 3184 1132 3246 epodosin
1143 3181 1241 3232 saciant

124 3248 257 3296 verborum
270 3249 389 3311 priorum.
408 3247 533 3310 flexibilis,
549 3246 571 3311 β
574 3264 599 3313 γ.
618 3290 649 3299 ..
672 3249 730 3310 vita,
746 3252 807 3299 adr.
833 3249 934 3299 Nomen
946 3250 1014 3298 vitem
1026 3265 1080 3300 esse
1091 3258 1240 3313 corruptum

124 3314 180 3378 ipsa
190 3329 230 3364 res
242 3316 326 3374 docet3
344 3314 450 3364 fortasse
465 3316 491 3364 in
507 3316 542 3363 vit
556 3314 661 3376 (etenim
673 3333 690 3363 e
701 3317 835 3381 repetitum
852 3333 885 3366 ex
901 3318 1016 3381 sequenti
1030 3332 1101 3378 voce,
1118 3325 1143 3366 et
1155 3319 1210 3366 cod.
1223 3331 1241 3365 a

124 3379 267 3429 emularetur
278 3377 367 3442 habet)
380 3380 419 3428 cai
429 3383 504 3443 latet3
522 3380 639 3430 aemulari
649 3384 715 3432 Plin.
728 3386 804 3434 etiam
818 3391 856 3446 14,
869 3391 909 3434 30.
923 3400 980 3434 cum
994 3386 1079 3433 dativo
1091 3385 1183 3449 iunxit

159 3451 243 3516 §222
268 3455 344 3508 tecue,
357 3448 424 3497 Ptne
442 3488 473 3496 ..
498 3455 520 3494 et
532 3454 619 3509 tenera,
637 3451 708 3498 codd.
721 3452 833 3501 Barbari.
860 3459 882 3498 et
894 3459 979 3512 tenero,
991 3467 1013 3500 a.
1040 3459 1149 3512 eteaora
1162 3453 1186 3500 d.
1206 3493 1238 3502 ..

118 3513 243 3578 fictilibas,
255 3517 300 3564 ed.
315 3511 447 3578 plectibbm
457 3515 497 3563 vel
507 3512 640 3576 pleuriticus,
652 3516 719 3566 Pint.
734 3559 764 3567 ..
784 3517 857 3566 tenum
868 3526 890 3566 et
892 3517 996 3582 flexilis,
1007 3519 1040 3568 Κ.
1058 3517 1150 3567 interim
1162 3519 1202 3568 vel
1214 3518 1241 3566 ia

125 3589 192 3631 teate
202 3583 244 3631 vel
260 3580 284 3630 in
297 3579 376 3630 terrio
383 3579 453 3643 flea,
465 3582 553 3632 Daleo.
573 3623 604 3632 -
623 3598 694 3644 aaa.
721 3592 770 3647 aut,
783 3587 834 3636 Td.
854 3625 885 3634 ..
899 3583 1080 3648 fidoiiequae,
1093 3588 1117 3636 t.
1136 3583 1241 3648 fidutia-

125 3664 212 3713 qtre,a.
230 3652 343 3701 Derev.
356 3649 487 3712 Theopbr.
500 3651 517 3698 l.
530 3652 547 3699 l.
560 3651 592 3700 V.
608 3655 629 3711 7,
644 3657 667 3701 6.
687 3693 717 3701 -
737 3651 828 3712 lentore,
841 3669 863 3702 a
883 3692 914 3703 ..
927 3652 1111 3717 franciaeqad.
1121 3651 1243 3716 floriana

126 3714 198 3777 etilrb,
209 3711 259 3780 βγ.
283 3756 306 3764 -
328 3723 359 3776 et,
371 3716 415 3764 ad.
438 3731 474 3776 ea,
486 3732 506 3765 r.
529 3725 552 3765 et
563 3716 728 3781 centrumque
741 3719 833 3784 legitur,
845 3721 891 3769 K'.
914 3728 937 3768 et
947 3718 983 3768 ed
992 3728 1115 3782 utramque
1127 3719 1242 3783 lepitimn,

126 3782 177 3834 11².
194 3790 217 3831 et
228 3791 327 3846 emaque
339 3781 417 3845 levior,
429 3785 519 3834 Doleo.

160 3848 245 3910 5230.
270 3850 435 3913 ministrorum,
451 3853 474 3901 d.
498 3892 521 3900 -
545 3851 643 3916 proditi,
659 3854 726 3902 Pint.
750 3855 790 3903 De
802 3869 828 3902 rc
841 3868 863 3901 v.
877 3854 1010 3918 Theophn
1022 3855 1039 3903 1.
1052 3854 1069 3902 l.
1082 3854 1114 3903 V.
1128 3856 1151 3914 7,
1164 3859 1188 3903 8.
1206 3893 1240 3902 ...

77 3966 80 3973 ,
128 3918 239 3978 terebros,
252 3933 275 3968 a.
294 3959 325 3968 ..
343 3916 438 3979 bt'adem,
451 3936 473 3969 a.
493 3961 523 3968 -
542 3920 693 3982 moe'oresque,
709 3913 807 3970 Orac.
826 3919 1016 3984 maioresquam,
1041 3957 1047 3970 .
1070 3919 1243 3983 meioreaqtto·

123 3980 219 4048 μβ.
237 4026 269 4034 ..
288 4002 307 4047 e,
321 3979 414 4034 OTar.
428 3987 522 4037 Omd.
542 4028 572 4036 ..
588 3987 690 4049 pinqd.
710 4027 740 4034 ..
762 3985 891 4046 EaTau.
913 3986 962 4048 Ex,
974 3992 1006 4039 D.
1067 3995 1083 4048 t,
1094 3984 1144 4051 βγ.
1166 3989 1245 4038 Deet

128 4059 243 4103 ..numm
254 4067 277 4102 v.
290 4056 322 4104 ud
335 4057 358 4112 2,
373 4058 428 4103 125,
447 4093 478 4102 ..
500 4060 616 4113 maturae,
629 4054 681 4102 Td.
705 4053 825 4110 innatare,
837 4068 859 4101 a„
881 4055 915 4103 V.
928 4057 1060 4120 Theophr.
1072 4057 1089 4104 l.
1103 4056 1119 4104 l.
1132 4055 1165 4104 V.
1179 4061 1203 4115 9,
1216 4061 1242 4106 8.

128 4133 271 4236 Etutam.
290 4161 321 4170 ..
342 4118 470 4181 immorari,
483 4137 501 4169 r.
522 4160 552 4168 ..
574 4115 632 4168 Coto
644 4121 675 4168 de
686 4135 712 4168 re
724 4127 782 4168 rust
795 4125 836 4180 ³1,
851 4126 873 4170 l.
895 4161 924 4170 -
948 4131 1021 4171 vectes
1032 4121 1137 4186 iligneoa,
1154 4121 1243 4185 aquis,

154 4185 197 4236 'nt

67 4268 71 4277 ¹
156 4255 178 4317 ἐ
190 4259 247 4304 231.
265 4255 332 4320 φεῖ,
343 4257 365 4304 tl.
381 4295 409 4303 ...
426 4254 515 4315 sabuci,
528 4271 549 4303 a.
563 4294 592 4302 ..
607 4261 632 4301 ut
641 4251 727 4301 dictum
739 4255 798 4318 est§
812 4259 851 4305 69.
864 4256 931 4307 Pint.
944 4258 1006 4307 haec
1018 4259 1094 4307 verba
1107 4265 1163 4320 post
1175 4272 1244 4305 acer·
