2754 4726
401 316 471 364 um.
488 317 547 366 xx„
577 315 655 364 cer.
672 315 706 362 v.
735 313 833 364 sucu.
851 315 932 361 um.
1159 296 1221 362 299

105 478 160 532 aut
181 488 222 533 ex
243 466 356 554 pipere
380 477 412 533 et
433 466 536 534 mulso
557 467 611 533 vel
633 489 674 533 ex
694 487 791 555 gar03
818 465 942 532 urinam
963 464 1036 542 ciet,
1059 475 1095 530 ut
1113 461 1222 549 Opiou

104 567 223 644 credit,
246 577 278 633 et
300 589 458 634 venerem
480 567 519 632 In
541 566 653 635 eadem
675 567 831 632 sententia
849 575 898 632 est
912 575 946 630 et
955 565 1088 631 Diocles
1095 588 1104 640 ;
1126 583 1221 649 prse-

104 679 192 735 terea
202 669 291 734 cordi
303 668 474 736 convenire
485 668 774 737 convalescentium
789 676 845 733 aut
858 677 932 751 post
945 666 1063 731 multes
1074 661 1221 729 vomitio-

83 803 88 811 ·
103 792 161 835 nes
174 791 329 854 perquam
343 769 432 836 utile.
454 768 644 836 Heraclides
658 779 768 838 contre
782 777 950 855 argentum
965 765 1072 830 vivom
1087 763 1177 829 dedit
1190 770 1223 828 et
1235 783 1268 828 es

102 871 213 937 veneri
234 869 372 936 subinde
392 870 560 938 offensanti
581 871 751 957 aegrisque
766 890 801 935 se
822 866 1098 954 recolligsutibus;
1121 864 1222 930 Hice·

105 972 172 1037 sius
192 971 267 1038 ideo
289 971 452 1037 stomacho
473 971 551 1039 utile
572 973 675 1040 videri
695 970 789 1049 dixit,
810 968 962 1056 quoniam
982 989 1077 1033 nemo
1099 967 1156 1032 tris
1178 966 1221 1031 si·

105 1094 192 1138 seres
214 1072 339 1138 edendo
360 1071 575 1152 continuaret,
605 1095 676 1142 esse
698 1083 805 1139 tamen
826 1071 904 1138 utile
927 1065 1223 1136 convalescentibus

104 1172 146 1237 sd
175 1173 287 1240 vinum
314 1174 565 1241 transeuntibus.
605 1173 711 1241 Sativi
736 1173 887 1260 privatim
921 1192 1018 1238 sucus
1043 1191 1117 1236 eum
1140 1169 1224 1234 lecte

105 1275 236 1361 caprino
257 1286 352 1361 potus
375 1275 460 1340 sistit
480 1275 596 1343 alvom.

148 1377 198 1441 18.
219 1375 266 1441 Et
286 1376 439 1462 quoniam
458 1376 630 1462 plerosque
651 1375 825 1443 similitudo
846 1374 1012 1441 nominum
1025 1368 1223 1438 Graecorum
1237 1386 1269 1432 ss

106 1476 288 1555 confundit,
321 1477 523 1544 conteximus
545 1489 578 1544 et
599 1478 641 1545 de
664 1479 731 1555 sili3
763 1477 821 1544 sed
841 1476 902 1543 hoc
923 1486 972 1541 est
987 1461 1140 1560 'volgatae
1153 1492 1223 1537 no·

104 1577 202 1651 titiae.
229 1575 409 1666 Optumum
429 1577 653 1657 Massiliense;
675 1581 740 1646 lato
762 1579 846 1646 enim
868 1598 970 1664 grano
992 1584 1024 1641 et
1043 1573 1133 1640 fulvo
1155 1581 1223 1649 sst3

105 1679 281 1746 secundum
310 1679 540 1766 Aethiopicum
580 1682 720 1768 nigrius,
767 1679 934 1746 Oreticum
967 1673 1225 1743 odoratissimum

104 1781 255 1845 omnium.
290 1779 398 1847 Radix
425 1781 557 1848 iucundi
578 1783 687 1848 odoris
710 1792 760 1849 est
766 1807 775 1861 3
794 1799 913 1847 ⁴semen
934 1799 1004 1846 esse
1027 1786 1060 1842 et
1080 1774 1224 1841 vultures

105 1882 264 1946 dicuntur.
285 1880 422 1947 Prodest
434 1881 555 1948 homini
577 1883 619 1948 ad
639 1883 754 1948 tussim
773 1893 924 1958 veterem,
946 1888 1053 1964 rupta,
1075 1875 1225 1944 convolsa

103 1983 138 2048 in
166 1982 239 2048 vino
267 1982 340 2049 albo
364 1992 492 2068 potum3
525 1983 602 2050 item
623 1982 866 2071 opisthotonicis
888 1991 921 2047 et
940 1981 1117 2047 iocinerum
1136 1976 1224 2044 vitiis

105 2093 138 2149 et
171 2083 359 2149 torminibus
383 2095 415 2150 et
445 2085 646 2172 stranguriae
674 2086 810 2152 duarum
837 2093 893 2148 aut
919 2081 1016 2146 trium
1042 2080 1225 2165 linguarum
1263 2144 1280 2157 „

104 2206 264 2250 mensure.
289 2183 375 2251 Sunt
396 2196 429 2253 et
450 2186 528 2253 folia
549 2187 654 2266 utilia,
676 2197 715 2252 ut
735 2209 818 2271 quac
835 2193 946 2272 partus
960 2182 1114 2247 adiuvent
1128 2178 1224 2244 etiam
1238 2189 1269 2238 ³⁷

106 2285 347 2370 quadripedum.
369 2287 445 2354 Hoc
465 2311 615 2355 maxume
636 2289 727 2375 pasci
749 2289 900 2353 dicuntur
921 2267 1035 2351 cervae
1048 2281 1222 2368 pariturae.

105 2384 287 2452 Inlinuntur
309 2398 341 2453 et
360 2388 430 2476 igni
452 2376 546 2455 sscrd
557 2391 756 2474 multumque
769 2389 803 2453 in
818 2408 942 2454 summo
957 2384 1028 2451 cibo
1043 2379 1223 2448 concoctio·

105 2485 200 2552 nibus
222 2489 347 2555 confert
372 2489 425 2555 vel
446 2490 523 2556 lolio
544 2491 596 2555 vel
615 2490 746 2556 semine.
776 2487 1021 2573 Quadripedum
1035 2503 1163 2567 quoque
1176 2480 1224 2546 al·

104 2609 180 2652 vom
209 2588 290 2653 sistit
319 2589 387 2655 sive
415 2590 526 2655 tritum
552 2590 643 2676 potui
670 2590 814 2656 infusum
841 2589 910 2653 sive
936 2583 1117 2651 mandendo
1146 2603 1223 2648 con·

104 2688 330 2754 manducatum
352 2712 370 2754 e
393 2690 475 2796 salp3
497 2689 595 2756 boum
615 2689 736 2756 morbis
757 2691 866 2754 tritum
885 2685 1075 2752 infunditur.

149 2789 199 2852 19.
220 2788 315 2855 Inule
336 2812 464 2876 quoque
485 2814 505 2856 a
524 2791 643 2858 ieiunis
664 2790 918 2857 conmanducata
938 2786 1044 2854 dentis
1058 2782 1224 2850 confirmet
1237 2800 1269 2844 ss

106 2889 143 2966 si,
165 2901 201 2954 ut
222 2901 313 2956 eruta
334 2902 392 2970 est,
416 2902 533 2957 terram
553 2915 618 2959 non
639 2893 794 2978 attingat,
814 2891 957 2963 ,condita
978 2887 1092 2954 tussim
1113 2902 1222 2952 emen·

105 2991 177 3066 dat;
199 2992 317 3057 radicis
339 3015 416 3059 vero
430 2994 582 3060 decoctae
593 3015 690 3060 sucus
705 2995 826 3059 toeniae
839 2992 938 3079 pellit,
962 2991 1099 3056 siccatae
1116 2997 1223 3054 autem

104 3091 138 3156 in
158 3093 273 3158 umbra
292 3093 397 3160 farina
417 3095 498 3160 tussi
520 3095 733 3163 etftonvolsis
753 3105 788 3160 et
807 3091 1025 3159 inflationibus
1046 3101 1078 3158 et
1099 3088 1223 3155 arteriis

105 3262 191 3327 (codd.
204 3265 274 3329 Ger.)
297 3265 420 3331 abstemii,
432 3271 456 3318 d.
480 3268 557 3332 terpit,
568 3283 589 3318 r.
608 3306 639 3317 ..
660 3266 745 3332 opion,
758 3269 783 3317 d.
808 3265 917 3332 Optume,
933 3260 982 3317 Oa.
1000 3306 1031 3316 ..
1053 3264 1222 3327 mesomed-

105 3341 128 3381 et
135 3341 197 3395 post,
208 3337 241 3384 K.
260 3375 292 3383 ..
307 3351 432 3398 perquam,
444 3337 467 3385 d.
483 3342 661 3398 praeterquam,
672 3351 696 3386 a.
713 3351 763 3384 ecee
771 3349 896 3400 perqrmm,
907 3335 941 3386 Κ.

138 3403 205 3464 ξ35.
224 3402 358 3468 offensuram,
370 3404 443 3452 codd.
457 3401 513 3453 Get.
532 3404 692 3468 ffemantem,
704 3405 749 3455 ed.
767 3444 799 3454 ..
817 3401 936 3452 stomacho
945 3399 1014 3464 utile3
1030 3407 1056 3451 et
1067 3400 1143 3450 verba
1153 3399 1169 3462 ᾗ
1181 3403 1222 3473 til.

104 3470 197 3531 posita:
220 3469 362 3521 stomachum
378 3469 477 3532 excitat,
500 3477 526 3520 et
541 3472 701 3536 sequentium
717 3472 893 3536 oppositorum
909 3471 985 3520 ratio:
1008 3483 1057 3518 esse
1070 3474 1147 3516 mmeu
1158 3461 1222 3522 aule,

105 3538 198 3652 docelpt
212 3535 424 3586 stomachoiuutile
439 3539 649 3601 eseelegendum
668 3579 699 3588 -
727 3546 804 3588 temeu
816 3536 879 3600 uteie,
896 3540 933 3589 ad
948 3536 1036 3599 (codd
1049 3532 1120 3595 Gel.)
1147 3539 1223 3579 tamen

104 3602 165 3652 inuti
185 3606 236 3666 ,K.

138 3673 205 3734 536.
232 3671 385 3733 Graecorum,
403 3687 453 3721 om.
465 3689 486 3735 r.
504 3712 535 3722 ..
558 3671 687 3732 commedit,
698 3689 721 3723 a.
740 3714 772 3723 ..
798 3672 948 3733 ceuteaimus,
961 3674 1005 3722 ed.
1031 3659 1223 3725 eouuxeuaess·

105 3779 136 3787 ..
154 3738 203 3800 sed,
221 3742 301 3789 omitt.
315 3741 367 3790 Td.
388 3778 417 3789 ..
442 3738 559 3804 vulpam«,
580 3732 679 3790 &Tac
702 3739 816 3805 vulperia,
827 3737 856 3803 β.
876 3781 908 3790 ..
930 3737 1089 3796 Massiliense,
1106 3735 1223 3784 Dioscor.

104 3813 128 3865 3,
143 3811 198 3857 153.
216 3806 332 3867 millenae,
345 3810 389 3858 ad.
409 3847 439 3856 ..
458 3805 556 3856 iucundi
565 3807 651 3868 odona
663 3825 686 3870 a
703 3807 856 3870 iucundioris,
869 3812 893 3859 d.
911 3849 940 3857 ..
959 3821 1015 3866 esse,
1028 3807 1088 3854 adr.
1107 3801 1156 3850 eius
1167 3814 1223 3858 esse,

103 3869 131 3933 β.
151 3915 182 3923 -
202 3873 343 3937 Itaqueiam,
360 3869 434 3924 our.
452 3873 604 3939 liupulemm,
616 3879 640 3926 d.
659 3874 793 3940 lipulerum,
806 3871 876 3940 adr.

138 3944 205 4004 537.
223 3941 361 4002 Illitteratum
374 3944 445 3993 Tac.
468 3936 834 4005 Ausucum,8.11umur‚ss
853 3985 884 3994 ..
903 3943 959 4007 iqui,
972 3943 1022 3993 Te.
1045 3939 1107 4003 ique,
1122 3929 1172 3985 Od-
1191 3976 1221 4012 ·.·

103 4006 199 4070 edendo,
216 4026 235 4060 r.
260 4049 290 4059 -
317 4008 533 4060 commanducatum
548 4010 606 4073 sale,
623 4010 695 4060 Tad.
722 4009 888 4060 manducatum
904 4026 955 4060 cum
970 4007 1029 4068 sole,
1041 4023 1061 4055 r.
1080 4045 1110 4054 ..
1138 4002 1224 4051 morli-t

104 4076 189 4139 tritum,
206 4079 280 4126 codd.
293 4077 350 4129 uel.
362 4077 462 4126 morbis
476 4078 508 4128 sit
523 4078 611 4141 tritum,
628 4094 651 4128 a.
677 4078 763 4128 morbis
778 4077 812 4127 sic
826 4079 912 4138 tritum,
924 4079 978 4128 Td.
1004 4071 1091 4122 morbis
1103 4078 1126 4119 et
1137 4067 1223 4119 coemi-

103 4151 158 4203 tum‚
170 4161 189 4192 r.
207 4144 294 4194 morbis
306 4143 410 4193 credetur
421 4144 458 4193 vel
468 4146 491 4194 ei
500 4146 631 4207 contritum,
643 4146 675 4196 Κ.

127 4210 151 4274 ’ξ
164 4219 204 4262 38.
223 4220 291 4261 estet
303 4220 398 4272 terrem,
411 4215 456 4262 ad.
475 4254 505 4263 ..
525 4213 627 4278 uttiuyr't,
639 4217 663 4264 d.
682 4213 817 4274 ..terias
830 4215 852 4263 d.
876 4205 1042 4274 maenaessr·
1062 4247 1092 4255 -
1111 4210 1224 4263 audemia
1312 4226 1318 4237 ¹

103 4276 189 4337 (codd.
202 4278 272 4341 Gcl.)
291 4288 340 4342 eut,
354 4283 376 4330 d.
