2754 4726
282 287 353 333 nra.
368 285 441 333 rvr.
471 284 550 330 cnr.
564 283 850 331 xxm-xxm.
880 280 979 330 suar.
995 283 1078 327 aa.
1198 267 1237 329 41

120 457 232 502 sonum
252 434 375 501 reddat
403 433 557 500 Hederae
578 433 660 498 mira
680 433 824 518 proditur
843 442 957 498 natura
978 432 1021 496 ad
1042 432 1240 518 experienda

120 538 209 615 vina,
240 537 268 602 si
289 558 346 603 vas
367 536 424 600 fiat
445 558 463 601 a
483 535 571 622 ligno
593 535 679 612 eius,
707 533 783 598 vina
809 533 996 600 transfluere
1017 555 1055 599 aa
1075 555 1241 598 remanere

119 660 246 723 aquam,
269 637 381 720 siqua
402 634 500 700 fuerit
521 636 629 700 mixta.

159 736 332 802 XXXVI.
356 739 407 802 64.
433 736 525 802 Inter
546 759 584 802 ea
605 758 688 820 quae
709 736 837 822 frigidis
859 736 1002 823 gaudent
1022 745 1055 800 et
1075 735 1240 818 aquaticos
1255 750 1303 796 roo

119 839 252 904 frutices
273 837 394 903 dixisse
416 837 593 903 conveniat.
625 835 850 922 Principatum
876 835 912 900 in
933 836 984 900 his
1006 836 1160 902 tenebunt
1179 836 1238 900 hu-

117 939 273 1004 rundines
294 937 370 1003 belli
392 937 547 1022 pacisque
569 936 797 1023 experimentis
818 936 1019 1002 necessariae
1034 947 1131 1020 atqua
1145 935 1242 1001 etiam

117 1039 241 1106 deliciis
276 1049 398 1126 gratae.
442 1039 567 1126 Tegula
594 1061 704 1104 aarum
731 1038 845 1103 domus
875 1061 949 1103 suas
977 1037 1242 1124 septentrionales

115 1141 231 1227 populi
252 1139 401 1225 operiunt
422 1140 601 1223 durantque
623 1139 712 1205 aevis
728 1148 810 1205 tecta
825 1140 904 1216 alta3
928 1138 1008 1205 etin
1022 1138 1145 1223 reliquo
1164 1161 1241 1203 vcro

116 1241 196 1306 orbe
219 1250 251 1306 et
276 1262 419 1306 camaras
444 1240 605 1306 levissime
633 1237 844 1326 suspendunt.
877 1239 1069 1325 Chattisque
1097 1239 1243 1315 serviunt
1256 1251 1304 1299 1⁵⁷

115 1341 249 1418 calami,
275 1340 432 1429 Aegyptii
459 1364 609 1407 maxume
632 1341 821 1428 cognatione
843 1343 981 1426 quadam
1002 1343 1137 1428 papyri3
1165 1364 1242 1427 pro·

114 1441 258 1508 batiores
281 1453 387 1508 tamen
409 1440 519 1507 Cnidii
541 1455 574 1507 et
595 1444 651 1527 qui
672 1445 707 1508 in
726 1444 807 1508 Asia
828 1444 913 1509 circa
927 1443 1115 1510 Anaitieum
1136 1444 1242 1509 laeum

115 1553 307 1608 nascuntur.
342 1542 548 1610 Nostratibus
574 1544 742 1632 fungosior
764 1545 875 1611 subest
893 1555 1027 1623 natura,
1056 1544 1243 1631 cartilagine
1257 1555 1305 1601 1⁶⁸

114 1642 230 1709 bibula
251 1665 334 1728 quae
355 1667 433 1711 cavo
454 1667 588 1732 corpore
602 1647 698 1725 intus,
722 1668 862 1731 superne
877 1646 965 1710 tenui
978 1645 1129 1711 inarescit
1143 1644 1243 1732 ligno,

111 1744 228 1809 fissilis
255 1757 427 1831 praeacuta
454 1768 580 1832 semper
608 1747 678 1812 acie
684 1771 694 1823 ;
727 1747 910 1834 geniculata
942 1757 1049 1813 cetero
1080 1746 1244 1834 gracilitas

112 1844 278 1928 nodisque
299 1846 450 1912 distincta
469 1847 535 1913 leni
555 1847 865 1935 fastigtovtenuatur
888 1849 924 1912 in
950 1849 1129 1924 eacumina,
1156 1868 1243 1912 cras·

113 1945 204 2010 siore
225 1947 393 2032 paniculae
415 1970 523 2025 coma,
545 1957 650 2032 neque
672 1946 733 2013 hac
755 1970 972 2035 supervacua3
1002 1958 1058 2011 aut
1079 1947 1164 2011 enim
1184 1967 1244 2032 pro

109 2047 230 2131 pluma
252 2057 351 2113 strata
372 2071 590 2134 cauponarum
611 2049 714 2135 replet
735 2059 807 2127 aut,
830 2048 886 2114 ubi
907 2048 1080 2136 lignosiore
1100 2045 1246 2111 induruit

111 2148 211 2225 callo,
235 2147 319 2213 sicut
339 2149 373 2213 in
386 2148 511 2238 Belgis,
534 2161 690 2216 contunsa
711 2160 743 2215 et
762 2149 931 2215 interiecta
952 2148 1084 2213 navium
1105 2147 1244 2213 conmis-

110 2249 205 2314 suris
232 2249 404 2316 feruminat
429 2261 549 2330 textus,
578 2252 705 2340 glutino
732 2252 874 2317 tenacior
900 2250 1053 2335 rimisque
1075 2249 1244 2336 explendis

106 2348 245 2414 fidelior
266 2350 348 2436 pice.

160 2451 215 2515 65.
246 2447 386 2517 Calamis
408 2452 540 2518 orientis
561 2453 672 2540 populi
694 2451 777 2518 bella
799 2454 987 2533 conficiunt,
1016 2452 1147 2519 calamis
1175 2450 1244 2536 spi·
1258 2461 1308 2508 ¹⁵⁹

107 2552 192 2618 cula
227 2551 352 2617 addunt
382 2552 591 2618 inrevocabili
623 2553 718 2619 hamo
744 2555 850 2619 noxia.
894 2555 1035 2620 Mortem
1062 2553 1246 2619 adcelerant

106 2653 220 2739 pinna
246 2653 357 2717 addita
383 2653 529 2731 naamis,
561 2653 661 2738 fitque
691 2665 723 2720 et
753 2677 794 2720 ex
820 2655 892 2741 ipso
915 2657 1014 2720 telum
1035 2655 1120 2718 aliud
1142 2655 1244 2719 fracto

104 2752 148 2819 in
180 2753 376 2819 volneribus.
409 2754 473 2819 His
499 2755 596 2819 armis
619 2755 718 2820 solem
739 2755 846 2841 ipsum
868 2755 1069 2821 obumbrant.
1103 2754 1245 2839 Propter

105 2853 180 2920 hoc
202 2876 355 2920 maxumo
384 2878 514 2921 serenos
541 2856 610 2921 dies
639 2865 768 2942 optant,
802 2856 900 2922 odere
932 2868 1044 2921 ventos
1071 2866 1105 2921 et
1131 2852 1245 2918 imbris

104 3026 208 3078 lenum
219 3026 380 3079 referendum
392 3033 523 3093 quomodo
535 3037 603 3080 recte
620 3031 708 3080 abesse
718 3031 807 3095 possit,
822 3045 875 3078 non
886 3028 1009 3090 intelligo.
1026 3026 1050 3076 εἰ
1063 3025 1123 3090 quta,
1134 3026 1168 3076 Κ
1192 3026 1243 3076 Το-

104 3100 170 3146 tam
184 3094 328 3145 clausulam
340 3097 400 3145 sient
410 3096 436 3146 in
443 3097 703 3161 poetis-coronentur
713 3106 743 3146 nt
754 3097 924 3146 adulterinam
934 3096 1002 3145 delet
1011 3096 1079 3146 Pint
1098 3135 1128 3144 -
1148 3109 1243 3142 corone-

106 3163 212 3290 scafis.
230 3171 406 3225 coronarentur,
418 3180 439 3213 r.
458 3204 491 3214 -
509 3162 615 3212 similate
626 3179 649 3213 a.
668 3203 701 3212 ..
720 3162 801 3223 lenenn
816 3155 886 3213 Onu.
910 3161 992 3225 hvon,
1007 3158 1037 3224 β.
1056 3203 1087 3212 ..
1105 3178 1125 3224 e,
1144 3153 1242 3212 OTad.

105 3244 152 3291 en,
191 3263 198 3277 .
224 3246 227 3253 ¹
813 3268 816 3273 ,

148 3299 165 3360 5
181 3301 240 3346 156.
257 3294 353 3350 Interea
362 3297 410 3360 qui,
422 3299 456 3348 Κ.
468 3337 499 3346 ..
510 3295 655 3362 gaudenter,
666 3299 689 3347 d.
706 3295 843 3360 §wdentea
852 3314 875 3348 a
891 3295 1003 3362 pendent,
1012 3300 1045 3349 Κ.
1058 3339 1089 3348 ..
1103 3295 1242 3346 damacen-

105 3363 189 3425 venit,
202 3379 222 3412 r.
242 3404 274 3413 -
291 3364 369 3424 etiam,
383 3381 434 3414 om.
445 3365 479 3414 Κ.
497 3404 529 3414 ..
548 3364 621 3425 aeva,
634 3367 671 3415 ad
682 3363 769 3427 (codd.
782 3363 853 3426 Gal.)
871 3365 927 3426 eina,
939 3383 959 3416 r.
973 3407 1005 3416 ..
1023 3364 1075 3414 alte
1087 3372 1155 3425 tecta,
1167 3380 1187 3413 r.
1205 3365 1244 3413 At

104 3441 203 3494 noque
220 3431 285 3480 haec
295 3447 378 3495 neque
389 3434 494 3496 vulgata
505 3433 627 3496 scriptura
638 3442 727 3497 aptum
738 3448 839 3484 sensum
847 3435 957 3498 praebet.
975 3435 1123 3497 Lugendum
1135 3439 1173 3482 est
1182 3437 1244 3479 tecta

107 3496 188 3557 tana,
205 3501 273 3547 unda
290 3501 360 3562 qnod
375 3501 453 3563 vulgo
470 3500 563 3564 legitur
576 3500 700 3550 facillima
715 3502 774 3551 oriri
795 3503 887 3566 potuit.
917 3501 1037 3551 Altitudo
1057 3506 1182 3550 tectorum
1199 3499 1243 3547 hic

104 3574 172 3614 non
190 3564 273 3614 refert
291 3607 324 3616 ..
347 3573 377 3627 et,
394 3569 438 3616 ad.
462 3567 564 3619 Onu.
589 3608 620 3617 ..
647 3576 800 3631 creamur-aa,
813 3570 864 3618 Ta.
889 3562 1089 3631 comanadssr.
1116 3573 1139 3613 et
1154 3564 1243 3613 camin

106 3643 237 3691 cameras,
248 3634 282 3682 Κ.
1182 3674 1184 3678 .

151 3701 167 3761 ς
182 3702 240 3750 157.
262 3699 473 3763 tirasnoensi.
487 3742 518 3750 -
530 3701 651 3767 Aegyptii,
663 3704 688 3752 d.
705 3702 816 3766 Aegypti,
832 3695 897 3753 dar.
910 3741 942 3751 ..
959 3699 1050 3760 Gnidir',
1063 3703 1087 3751 d.
1108 3698 1190 3762 Gnidi,
1202 3715 1242 3750 ar.

108 3799 151 3814 ἱ
168 3764 317 3828 Annineum,
329 3770 435 3818 Barbar.
452 3767 601 3828 Anaeticum,
613 3771 693 3820 altera
704 3771 810 3819 Barbari
822 3771 972 3827 coniectura,
985 3785 1008 3817 a.
1026 3764 1181 3829 menbnmdd.
1239 3791 1241 3794 >

153 3835 239 3895 8158.
264 3834 401 3897 geniculata
417 3843 492 3884 cetero
508 3834 642 3899 gracilitas,
659 3837 767 3888 Salmas.
785 3851 867 3886 exerc.
884 3852 908 3900 p.
927 3841 983 3889 911.
999 3836 1024 3884 b.
1040 3835 1074 3885 A.
1099 3833 1242 3899 geniculata.

113 3893 203 3948 Cetera
214 3900 348 3964 graciliter,
361 3897 453 3966 adstr.
472 3942 505 3951 ..
522 3901 641 3966 nudusque,
657 3898 707 3952 Oa.
731 3901 806 3964 nodis,
819 3899 891 3968 ᾱβγ.
911 3943 943 3951 ..
966 3899 1020 3965 leni,
1036 3895 1107 3953 Oad.
1131 3897 1243 3964 laevet.

110 3998 153 4014 s
169 3982 223 4028 pro,
236 3983 287 4018 om.
300 3985 322 4019 a
342 4009 373 4019 ..
390 3970 520 4030 sumnam,
533 3971 565 4020 Τ.
584 4009 616 4019 ..
640 3968 774 4033 repletnnt,
787 3974 810 4021 d.
830 4011 861 4020 -
884 3968 903 4018 l·
918 3968 1095 4031 nociore,Pint
1119 3967 1243 4031 limosiore,

112 4027 194 4110 adss3
204 4074 235 4083 ..
254 4033 441 4097 induruiteollo,
453 4039 497 4086 ad.
515 4035 578 4086 callo
590 4035 703 4099 indnmit,
714 4033 765 4103 βγ.
783 4037 888 4087 coenoin
906 4038 977 4101 emit,
988 4039 1021 4089 K.
1036 4078 1067 4088 ..
1086 4034 1160 4098 beldin
1172 4038 1197 4086 d.
1209 4077 1241 4086 ..

109 4107 255 4163 annque,
268 4117 290 4151 a.

159 4164 241 4224 5159.
267 4169 344 4232 nome,
357 4186 380 4220 a
397 4169 474 4230 nonne,
486 4173 511 4221 (1.
530 4211 561 4220 ..
579 4169 803 4234 manendam,
815 4189 834 4222 r.
852 4213 883 4222 ..
900 4173 984 4235 pinna,
997 4174 1039 4223 dr.
1053 4187 1175 4237 penno‚a
1193 4174 1242 4223 Ar·

120 4238 226 4287 suarm
235 4235 376 4299 Doderler‘n,
388 4235 430 4286 lot.
444 4235 572 4302 Synonytn.
585 4244 608 4300 5,
621 4243 670 4288 205
682 4255 735 4303 seq.
757 4281 788 4290 ..
816 4247 908 4301 stom.
922 4242 946 4289 (1
964 4279 995 4290 ..
1015 4239 1143 4302 obumbrat,
1155 4239 1200 4289 sd.
