2754 4726
285 302 382 365 ¹nur.
400 302 490 348 xxu.
520 300 598 348 our.
613 302 798 349 xva-xx.
827 302 926 350 sacr.
942 305 1022 348 aaa
1095 278 1098 285 ⁴
1165 287 1226 352 431

105 455 197 541 pinos
218 464 308 518 sanat
330 475 409 518 suco
428 452 547 517 radicis
569 451 736 526 decoctae3
758 451 880 518 bibitur
902 452 1053 519 drachma
1067 456 1100 520 in
1120 478 1228 541 passo.

105 554 201 620 Pellit
220 564 254 618 et
274 555 513 619 interaneorum
535 552 682 618 animalia
702 552 861 618 acetabuli
882 576 1031 620 mensura
1052 556 1120 621 suci
1141 557 1227 623 eiua·

105 656 179 721 dam
199 655 233 718 in
255 655 331 720 vino
352 663 478 719 austero
501 675 573 718 cum
600 654 726 742 origani
748 653 872 740 scopis3
895 655 972 720 iacit
992 656 1035 721 ad
1056 656 1227 723 difficulta-

105 768 170 822 tem
191 756 313 821 urinae.
334 754 404 820 Hic
425 776 524 821 sucus
544 754 665 820 occidit
685 765 719 820 at
741 776 837 820 canes
859 776 998 840 suesque
1025 756 1060 821 in
1081 759 1226 844 polenta3

105 857 217 923 addita
242 877 327 939 aqua
355 867 389 920 et
416 855 487 921 oleo
512 854 674 921 contrahit
698 855 732 919 in
759 878 794 920 sa
821 856 922 921 muris
953 878 992 922 ac
1019 870 1131 936 necat,
1163 860 1227 925 nisi

104 959 252 1045 protinus
273 978 391 1040 aquam
413 954 575 1021 sorbeant.
596 955 752 1021 Radicem
766 957 835 1021 eius
856 956 954 1040 aliqui
976 960 1136 1024 concisam
1157 982 1226 1026 ser-

104 1061 174 1125 vari
194 1057 308 1124 iubent
329 1057 484 1122 funiurlis
504 1057 697 1142 pendentem
719 1058 941 1141 decocuntque
968 1059 1002 1122 in
1024 1058 1096 1125 cibo
1118 1073 1228 1127 contra

105 1159 272 1225 fluctiones
293 1178 376 1242 quas
391 1156 512 1222 Graeci
534 1157 779 1223 rheumatismos
800 1169 924 1223 vocant.
947 1159 1000 1222 Ex
1013 1160 1115 1246 nigris
1128 1160 1227 1244 aliqui
1241 1178 1271 1224 47

105 1283 228 1327 marem
257 1259 370 1324 dixere
403 1257 455 1323 cui
486 1257 547 1323 dos
581 1280 764 1344 purpureus
793 1269 897 1336 essct,
929 1270 962 1324 et
992 1259 1143 1326 feminam
1173 1263 1227 1329 cui

106 1360 278 1426 violacem.
300 1357 377 1425 Una
396 1370 572 1424 nascuntur
586 1360 676 1425 caule
698 1358 842 1436 cubitali,
863 1360 1075 1427 crassitudine
1089 1362 1225 1451 digitali.

105 1460 283 1526 Radioibus
303 1482 414 1526 aarum
428 1459 570 1526 lichenes
591 1466 745 1525 curantur
765 1482 840 1524 cum
854 1458 1006 1545 sulphure
1019 1472 1054 1527 et
1072 1462 1227 1539 himine

105 1583 171 1626 uua
191 1561 302 1639 coctis,
325 1561 588 1627 conmanducatis
609 1560 820 1626 verodentes
841 1559 976 1625 mobiles
997 1572 1054 1625 aut
1074 1562 1107 1626 in
1136 1573 1227 1629 aceto

106 1660 256 1728 decoctis.
278 1659 367 1727 Suco
388 1661 530 1727 scabiem
557 1671 590 1727 et
614 1661 851 1747 quadripedum
878 1672 1003 1726 sanant.
1035 1660 1082 1727 Et
1109 1663 1227 1729 ricinos

106 1785 224 1828 canum
244 1774 349 1839 necat,
371 1763 525 1853 Quos
547 1783 677 1846 quoqne
697 1761 835 1847 anginae
856 1761 965 1838 modo,
992 1783 1093 1845 quare
1114 1785 1134 1827 a
1154 1765 1226 1848 qui·

105 1861 243 1927 busdam
263 1863 445 1948 ulophonon
466 1873 601 1928 vocatur
623 1874 655 1927 et
676 1862 854 1945 cynozolon
875 1871 1007 1947 propter
1034 1863 1227 1948 gravitatem

105 1962 223 2029 odoris.
245 1962 370 2030 Ferunt
383 1975 417 2029 et
433 1964 514 2030 baec
528 1963 654 2030 viscum
667 1961 829 2028 ulceribus
843 1961 1061 2036 utilissimum
1084 1964 1227 2028 omnium

107 2074 217 2129 autem
237 2087 391 2150 generum
412 2087 524 2130 eorum
543 2064 668 2129 radices
690 2063 911 2149 scorpionibus
932 2061 1152 2128 adversantur.

148 2163 252 2230 XIX.
274 2169 327 2232 22.
352 2163 542 2251 Coronopus
563 2164 702 2250 oblonga
721 2163 824 2230 herba
844 2173 895 2229 est
915 2184 987 2228 cum
1006 2163 1131 2230 fissuris
1137 2189 1147 2242 ;
1174 2183 1272 2230 etr-sa

108 2266 192 2333 ritur
212 2266 351 2345 interim,
370 2267 525 2350 qnoniam
544 2266 638 2331 radix
663 2265 809 2332 coeliacis
829 2265 992 2351 praeclare
1018 2265 1095 2330 iacit
1119 2267 1153 2331 in
1180 2264 1227 2331 ci·
1323 2355 1328 2368 Ι

106 2386 186 2430 uere
206 2377 300 2431 tosta.

148 2464 234 2531 XX.
257 2466 308 2531 23.
330 2465 377 2531 Et
397 2466 558 2533 anchusae
579 2467 672 2532 radix
692 2467 727 2530 in
747 2487 811 2531 usu
832 2475 901 2542 est,
926 2465 1051 2552 digitali
1072 2466 1225 2532 crassitu-

107 2567 193 2633 dine.
219 2565 372 2632 Finditur
392 2567 509 2653 papyri
528 2567 626 2633 modo
645 2586 825 2650 manusque
846 2564 946 2629 inficit
967 2566 1143 2653 sanguineo
1167 2588 1226 2634 oo·

106 2669 193 2747 lore,
227 2679 398 2755 praeparat
431 2669 520 2733 lenas
545 2667 696 2753 pretiosis
723 2664 902 2742 coloribns3
935 2674 1028 2729 sanat
1054 2667 1161 2731 ulcera
1191 2668 1226 2731 in

107 2780 226 2849 cerato,
246 2769 421 2856 praecipue
454 2790 583 2845 senum,
610 2769 687 2833 itam
712 2767 837 2831 adusta.
868 2763 1005 2848 Liquari
1029 2788 1094 2831 non
1122 2776 1227 2852 potest

106 2870 140 2934 in
162 2892 256 2954 aqua,
286 2870 356 2935 oleo
378 2868 572 2947 dissolvitur,
600 2868 697 2952 idque
727 2869 869 2932 sincerae
891 2867 1143 2952 experimentum
1164 2878 1225 2932 est.

108 3080 136 3090 -
155 3043 298 3101 vocumd.
317 3082 347 3092 ..
366 3040 423 3102 illie,
435 3040 498 3091 BV.
522 3039 568 3101 lic,
580 3042 605 3089 d.
625 3079 657 3090 ...
678 3038 837 3101 allublBV.
860 3037 928 3098 ulrbr',
940 3042 963 3088 d.
984 3079 1014 3087 ..
1036 3036 1114 3086 aliubi
1123 3053 1225 3098 croceae,

105 3107 137 3157 R.
157 3107 313 3158 omiava
1258 3114 1261 3121 ·
1297 3136 1301 3145 .

139 3176 209 3239 §td
235 3171 393 3238 etdraclmu,
404 3175 437 3224 Κ.
456 3174 577 3225 Ceterum
587 3190 611 3224 v.
622 3173 739 3223 Dioscor.
752 3179 776 3232 ³,
789 3178 813 3222 8.
831 3210 864 3221 ..
885 3186 1003 3230 mensura,
1017 3173 1040 3220 d.
1060 3171 1149 3221 Omitt.
1162 3170 1224 3221 RV.

106 3279 139 3290 ...
161 3239 256 3306 amplis,
271 3242 306 3292 V.
330 3281 360 3291 -
378 3239 450 3302 fucit
460 3239 503 3301 od,
518 3237 590 3304 πρὸς
600 3235 744 3302 δυσθυμίαν
757 3234 788 3287 τὸ
801 3232 938 3303 ἀφέψημα
950 3233 1037 3302 αὐτῆς
1046 3233 1161 3299 πίνεται,
1176 3236 1224 3289 Di·

106 3318 189 3357 oscor.
203 3307 280 3369 fucit,
296 3300 378 3358 OVd.
397 3305 473 3370 facti.
484 3309 516 3358 R.
540 3347 571 3357 ..
589 3313 700 3366 clauum,
720 3297 830 3357 ORVd.
857 3311 880 3352 et
887 3319 966 3369 panos
978 3304 1003 3352 ln
1012 3303 1110 3367 polenta
1121 3312 1145 3353 et
1154 3320 1225 3354 cunae

104 3389 202 3436 ermque
212 3372 307 3435 addim
318 3375 350 3425 Τ.
368 3389 446 3435 maes,
457 3370 488 3436 β.
506 3373 590 3423 ariam
595 3387 716 3436 panosque
728 3369 766 3421 lic
776 3387 864 3420 saccua
886 3369 978 3429 Occidit
989 3379 1012 3418 et
1022 3387 1099 3432 maes,
1110 3387 1163 3420 sues
1174 3387 1224 3420 mu.

105 3455 187 3502 reaque
199 3439 224 3488 in
232 3439 330 3504 polenta
340 3439 435 3502 addim
446 3441 513 3491 Pint.
537 3480 568 3491 ..
595 3439 620 3488 ia
630 3437 733 3502 poleam,
745 3453 797 3487 om.
811 3440 835 3487 d.
858 3477 889 3487 ..
912 3453 1008 3500 uquam,
1020 3439 1075 3488 Rd.
1098 3454 1178 3500 qaam,
1189 3440 1223 3489 V.

34 3563 49 3579 ,
108 3545 136 3554 -
157 3503 410 3571 decoqumtqeefflv.
437 3504 586 3571 decoquiqae,
598 3507 651 3556 Τά.
676 3545 707 3554 ..
726 3503 937 3568 stuctmaee,BV.
951 3500 1166 3568 flaxmamdssp
1191 3545 1222 3552 -

104 3570 293 3635 rltaumutrbmua,
305 3574 368 3625 RV.
386 3571 591 3634 cineumoubmos,
603 3575 627 3622 d.

138 3642 208 3704 §⁴⁷-
234 3641 319 3702 eatli.
337 3681 370 3691 ..
388 3648 411 3688 et
414 3640 541 3702 feminam,
554 3641 577 3689 d.
595 3639 737 3702 firminum,
749 3639 779 3687 R.
788 3637 920 3752 garinum,
931 3638 965 3687 V.
984 3677 1016 3687 ..
1038 3636 1082 3698 cui,
1095 3636 1151 3686 Vd.
1174 3636 1223 3686 cai·

104 3722 169 3766 aava,
180 3707 212 3757 R.
225 3747 257 3756 -
279 3705 336 3755 Una
347 3714 483 3766 nascantur,
495 3709 526 3757 P.
544 3713 567 3755 at
577 3723 626 3755 unc
636 3713 772 3766 ncrcuator,
812 3704 896 3755 VTd.
917 3702 970 3752 Uao
982 3709 1117 3764 noscantur,
1129 3699 1180 3768 βγ.
1191 3746 1222 3753 -

103 3772 239 3824 &aare
249 3789 339 3834 amau,
350 3775 465 3824 Dioscor.
477 3781 502 3834 8,
514 3779 538 3824 9.
561 3813 592 3823 -
616 3782 641 3822 at
651 3770 831 3836 quadrimum,
843 3773 926 3822 RVd.
953 3770 1024 3820 edom
1037 3768 1222 3833 quadrupedem,

102 3837 156 3904 βγ.
175 3880 205 3890 ..
230 3848 306 3901 am,
318 3842 353 3890 V.
374 3842 498 3904 espault.
520 3837 696 3903 accantdssy.
717 3879 747 3888 α
769 3839 883 3897 iuvencos,
899 3833 1010 3887 OVTd.
1033 3833 1221 3899 invenenassst.

102 3914 200 3968 emunt,
211 3907 238 3956 ἐκ
247 3906 394 3970 aramque
404 3906 509 3970 capim
519 3908 622 3956 mortam
633 3915 657 3954 et
666 3907 753 3956 deiros
764 3921 846 3954 mnam
859 3912 950 3965 amant,
962 3920 1045 3967 quare,
1057 3906 1090 3954 K.
1112 3945 1144 3952 -
1171 3902 1221 3951 ulo-

101 3973 206 4037 phonon,
222 3975 304 4024 notha
315 3989 355 4038 ap.
368 3975 485 4025 Dioscor.
498 3979 522 4035 8,
535 3979 558 4024 9.
582 3972 709 4036 alophilus,
721 3974 784 4022 VT.
806 3970 933 4034 alophilus,
945 3975 969 4021 d.
992 3970 1107 4034 olopylcn,
1117 3972 1148 4020 R.
1171 3968 1221 4018 alo·

99 4040 203 4104 plima,
218 4037 247 4090 θ.
269 4039 398 4104 baploaom
411 4042 590 4104 Sipontinap
602 4041 705 4091 Gesner.
718 4041 866 4090 histanim.
880 4046 902 4097 1,
916 4042 972 4088 167.
997 4077 1027 4085 -
1050 4043 1124 4097 aetat,
1137 4036 1221 4087 RVd.

105 4146 136 4159 ...
155 4107 289 4173 mdes,
300 4110 331 4159 13.
349 4107 494 4172 maraclea,
507 4109 531 4157 d.
547 4106 692 4171 cymba,
708 4099 767 4156 OV.
787 4146 818 4155 ..
836 4104 888 4165 lue,
901 4105 989 4154 Dalec.

135 4177 207 4238 348.
234 4173 384 4236 omliuaad
402 4174 523 4236 malacria,
532 4175 565 4224 V.
583 4173 729 4236 cuqar'lr'ocrc,
739 4173 771 4222 R.
790 4173 941 4223 Ceterumv.
953 4171 1069 4221 Dioscor.
1082 4176 1106 4230 2,
1121 4174 1176 4220 157.
1188 4207 1220 4218 ..

105 4256 216 4304 armas,
228 4243 254 4293 a
264 4257 370 4305 semper.
389 4243 422 4291 V.
435 4242 550 4292 Dioscor.
562 4247 586 4302 ⁴,
598 4246 639 4291 28.
658 4280 689 4290 ..
703 4237 842 4303 anemoria,
854 4239 880 4285 V
893 4238 929 4287 uti
941 4238 1096 4300 plerumque.
