<?xml version="1.0" encoding="UTF-8"?>
<!DOCTYPE html PUBLIC "-//W3C//DTD XHTML 1.0 Transitional//EN"
    "http://www.w3.org/TR/xhtml1/DTD/xhtml1-transitional.dtd">
<html xmlns="http://www.w3.org/1999/xhtml" xml:lang="en" lang="en">
 <head>
  <title>
</title>
<meta http-equiv="Content-Type" content="text/html;charset=utf-8" />
  <meta name='ocr-system' content='tesseract 3.04.00' />
  <meta name='ocr-capabilities' content='ocr_page ocr_carea ocr_par ocr_line ocrx_word'/>
</head>
<body>
  <div class='ocr_page' id='page_1' title='image "./cplinisecundina02grongoog_0097.png"; bbox 0 0 2754 4726; ppageno 0'>
   <div class='ocr_carea' id='block_1_1' title="bbox 154 306 926 370">
    <p class='ocr_par' dir='ltr' id='par_1_1' title="bbox 154 306 926 370">
     <span class='ocr_line' id='line_1_1' title="bbox 154 306 926 370; baseline -0.004 -1"><span class='ocrx_word' id='word_1_1' title='bbox 154 306 195 370; x_wconf 84' lang='lat'>86</span> <span class='ocrx_word' id='word_1_2' title='bbox 505 320 708 368; x_wconf 69' lang='lat' dir='ltr'>saracems</span> <span class='ocrx_word' id='word_1_3' title='bbox 732 320 926 368; x_wconf 79' lang='lat' dir='ltr'>ursroumu</span> 
     </span>
    </p>
   </div>
   <div class='ocr_carea' id='block_1_2' title="bbox 105 469 1328 3078">
    <p class='ocr_par' dir='ltr' id='par_1_2' title="bbox 105 469 1328 2777">
     <span class='ocr_line' id='line_1_2' title="bbox 105 469 1319 559; baseline 0.001 -20"><span class='ocrx_word' id='word_1_4' title='bbox 105 484 108 489; x_wconf 85' lang='lat'>&#39;</span> <span class='ocrx_word' id='word_1_5' title='bbox 153 473 265 539; x_wconf 78' lang='lat' dir='ltr'>hordei</span> <span class='ocrx_word' id='word_1_6' title='bbox 285 493 398 559; x_wconf 79' lang='lat' dir='ltr'>grano,</span> <span class='ocrx_word' id='word_1_7' title='bbox 426 493 467 537; x_wconf 92' lang='lat' dir='ltr'>ne</span> <span class='ocrx_word' id='word_1_8' title='bbox 493 471 565 556; x_wconf 90' lang='lat' dir='ltr'>quis</span> <span class='ocrx_word' id='word_1_9' title='bbox 591 471 701 537; x_wconf 83' lang='lat' dir='ltr'>labam</span> <span class='ocrx_word' id='word_1_10' title='bbox 725 482 862 557; x_wconf 92' lang='lat' dir='ltr'>reputet.</span> <span class='ocrx_word' id='word_1_11' title='bbox 899 469 990 553; x_wconf 82' lang='lat' dir='ltr'>Quid</span> <span class='ocrx_word' id='word_1_12' title='bbox 1016 470 1119 537; x_wconf 85' lang='lat' dir='ltr'>simile</span> <span class='ocrx_word' id='word_1_13' title='bbox 1138 471 1276 559; x_wconf 75' lang='lat' dir='ltr'>originis</span> <span class='ocrx_word' id='word_1_14' title='bbox 1289 490 1319 540; x_wconf 78' lang='lat' dir='ltr'>re</span> 
     </span>
     <span class='ocr_line' id='line_1_3' title="bbox 155 572 1276 659; baseline -0.001 -18"><span class='ocrx_word' id='word_1_15' title='bbox 155 596 233 641; x_wconf 88' lang='lat' dir='ltr'>suae</span> <span class='ocrx_word' id='word_1_16' title='bbox 254 572 371 639; x_wconf 78' lang='lat' dir='ltr'>habent</span> <span class='ocrx_word' id='word_1_17' title='bbox 390 572 547 637; x_wconf 86' lang='lat' dir='ltr'>malorum</span> <span class='ocrx_word' id='word_1_18' title='bbox 568 573 775 657; x_wconf 84' lang='lat' dir='ltr'>pirorumque</span> <span class='ocrx_word' id='word_1_19' title='bbox 798 574 940 639; x_wconf 78' lang='lat' dir='ltr'>semina?</span> <span class='ocrx_word' id='word_1_20' title='bbox 961 572 1026 638; x_wconf 93' lang='lat' dir='ltr'>His</span> <span class='ocrx_word' id='word_1_21' title='bbox 1038 572 1207 659; x_wconf 86' lang='lat' dir='ltr'>principiis¹</span> <span class='ocrx_word' id='word_1_22' title='bbox 1219 595 1276 640; x_wconf 88' lang='lat' dir='ltr'>re·</span> 
     </span>
     <span class='ocr_line' id='line_1_4' title="bbox 155 672 1276 762; baseline -0.002 -19"><span class='ocrx_word' id='word_1_23' title='bbox 155 685 325 762; x_wconf 89' lang='lat' dir='ltr'>spuentem</span> <span class='ocrx_word' id='word_1_24' title='bbox 352 672 475 739; x_wconf 88' lang='lat' dir='ltr'>securis</span> <span class='ocrx_word' id='word_1_25' title='bbox 502 673 666 738; x_wconf 75' lang='lat' dir='ltr'>materiem</span> <span class='ocrx_word' id='word_1_26' title='bbox 690 674 790 752; x_wconf 89' lang='lat' dir='ltr'>nasci,</span> <span class='ocrx_word' id='word_1_27' title='bbox 816 673 972 740; x_wconf 86' lang='lat' dir='ltr'>indomita</span> <span class='ocrx_word' id='word_1_28' title='bbox 998 674 1196 760; x_wconf 74' lang='lat' dir='ltr'><strong>ponderibus</strong></span> <span class='ocrx_word' id='word_1_29' title='bbox 1222 674 1276 740; x_wconf 88' lang='lat' dir='ltr'>in·</span> 
     </span>
     <span class='ocr_line' id='line_1_5' title="bbox 154 772 1278 862; baseline 0.003 -23"><span class='ocrx_word' id='word_1_30' title='bbox 154 776 274 841; x_wconf 91' lang='lat' dir='ltr'>mensis</span> <span class='ocrx_word' id='word_1_31' title='bbox 299 775 404 859; x_wconf 90' lang='lat' dir='ltr'>prela,</span> <span class='ocrx_word' id='word_1_32' title='bbox 436 774 567 840; x_wconf 88' lang='lat' dir='ltr'>arbores</span> <span class='ocrx_word' id='word_1_33' title='bbox 592 774 688 852; x_wconf 86' lang='lat' dir='ltr'>velis,</span> <span class='ocrx_word' id='word_1_34' title='bbox 724 772 866 841; x_wconf 90' lang='lat' dir='ltr'>turribus</span> <span class='ocrx_word' id='word_1_35' title='bbox 892 775 1057 859; x_wconf 86' lang='lat' dir='ltr'>muriaque</span> <span class='ocrx_word' id='word_1_36' title='bbox 1083 775 1278 862; x_wconf 72' lang='lat' dir='ltr'><strong>inpellendis</strong></span> 
     </span>
     <span class='ocr_line' id='line_1_6' title="bbox 154 873 1277 962; baseline 0.002 -21"><span class='ocrx_word' id='word_1_37' title='bbox 154 875 293 941; x_wconf 79' lang='lat' dir='ltr'>arietes?</span> <span class='ocrx_word' id='word_1_38' title='bbox 307 910 310 917; x_wconf 95' lang='lat'>·</span> <span class='ocrx_word' id='word_1_39' title='bbox 325 874 418 940; x_wconf 90' lang='lat' dir='ltr'>Haec</span> <span class='ocrx_word' id='word_1_40' title='bbox 440 884 489 941; x_wconf 90' lang='lat' dir='ltr'>est</span> <span class='ocrx_word' id='word_1_41' title='bbox 510 884 644 940; x_wconf 88' lang='lat' dir='ltr'>naturae</span> <span class='ocrx_word' id='word_1_42' title='bbox 665 875 725 953; x_wconf 86' lang='lat' dir='ltr'>vis,</span> <span class='ocrx_word' id='word_1_43' title='bbox 746 875 827 942; x_wconf 90' lang='lat' dir='ltr'>haec</span> <span class='ocrx_word' id='word_1_44' title='bbox 847 876 1001 961; x_wconf 90' lang='lat' dir='ltr'>potentia.</span> <span class='ocrx_word' id='word_1_45' title='bbox 1037 873 1146 962; x_wconf 83' lang='lat' dir='ltr'>Super</span> <span class='ocrx_word' id='word_1_46' title='bbox 1166 877 1277 943; x_wconf 79' lang='lat' dir='ltr'>omnia</span> 
     </span>
     <span class='ocr_line' id='line_1_7' title="bbox 148 973 1322 1068; baseline 0.001 -26"><span class='ocrx_word' id='word_1_47' title='bbox 148 978 214 1043; x_wconf 90' lang='lat' dir='ltr'>&#39;erit</span> <span class='ocrx_word' id='word_1_48' title='bbox 243 999 261 1042; x_wconf 94' lang='lat' dir='ltr'>e</span> <span class='ocrx_word' id='word_1_49' title='bbox 281 977 415 1041; x_wconf 87' lang='lat' dir='ltr'>lacrima</span> <span class='ocrx_word' id='word_1_50' title='bbox 440 975 529 1040; x_wconf 89' lang='lat' dir='ltr'>nasci</span> <span class='ocrx_word' id='word_1_51' title='bbox 557 973 689 1058; x_wconf 88' lang='lat' dir='ltr'>aliquid,</span> <span class='ocrx_word' id='word_1_52' title='bbox 717 986 753 1040; x_wconf 87' lang='lat' dir='ltr'>ut</span> <span class='ocrx_word' id='word_1_53' title='bbox 775 998 834 1042; x_wconf 86' lang='lat' dir='ltr'>suo</span> <span class='ocrx_word' id='word_1_54' title='bbox 861 976 931 1042; x_wconf 89' lang='lat' dir='ltr'>loco</span> <span class='ocrx_word' id='word_1_55' title='bbox 952 976 1106 1043; x_wconf 89' lang='lat' dir='ltr'>dicemus.</span> <span class='ocrx_word' id='word_1_56' title='bbox 1140 976 1235 1068; x_wconf 77' lang='lat' dir='ltr'>Ergo</span> <span class='ocrx_word' id='word_1_57' title='bbox 1256 994 1322 1046; x_wconf 75' lang='lat' dir='ltr'>era</span> 
     </span>
     <span class='ocr_line' id='line_1_8' title="bbox 154 1075 1277 1167; baseline 0 -23"><span class='ocrx_word' id='word_1_58' title='bbox 154 1098 310 1163; x_wconf 78' lang='lat' dir='ltr'>cupresso</span> <span class='ocrx_word' id='word_1_59' title='bbox 336 1075 458 1142; x_wconf 85' lang='lat' dir='ltr'>femina</span> <span class='ocrx_word' id='word_1_60' title='bbox 478 1128 521 1140; x_wconf 89' lang='lat'>..</span> <span class='ocrx_word' id='word_1_61' title='bbox 542 1097 612 1141; x_wconf 90' lang='lat' dir='ltr'>mas</span> <span class='ocrx_word' id='word_1_62' title='bbox 640 1075 737 1154; x_wconf 88' lang='lat' dir='ltr'>enim,</span> <span class='ocrx_word' id='word_1_63' title='bbox 766 1087 802 1140; x_wconf 89' lang='lat' dir='ltr'>ut</span> <span class='ocrx_word' id='word_1_64' title='bbox 828 1075 980 1156; x_wconf 80' lang='lat' dir='ltr'>diximus,</span> <span class='ocrx_word' id='word_1_65' title='bbox 1007 1099 1073 1142; x_wconf 88' lang='lat' dir='ltr'>non</span> <span class='ocrx_word' id='word_1_66' title='bbox 1099 1077 1208 1167; x_wconf 74' lang='lat' dir='ltr'>gignit</span> <span class='ocrx_word' id='word_1_67' title='bbox 1232 1132 1277 1144; x_wconf 89' lang='lat'>-</span> 
     </span>
     <span class='ocr_line' id='line_1_9' title="bbox 154 1175 1277 1266; baseline 0.003 -24"><span class='ocrx_word' id='word_1_68' title='bbox 154 1177 273 1264; x_wconf 75' lang='lat' dir='ltr'>pilulae</span> <span class='ocrx_word' id='word_1_69' title='bbox 293 1176 444 1241; x_wconf 85' lang='lat' dir='ltr'>collectae</span> <span class='ocrx_word' id='word_1_70' title='bbox 465 1175 584 1259; x_wconf 89' lang='lat' dir='ltr'>quibus</span> <span class='ocrx_word' id='word_1_71' title='bbox 598 1175 692 1241; x_wconf 91' lang='lat' dir='ltr'>docui</span> <span class='ocrx_word' id='word_1_72' title='bbox 705 1176 870 1242; x_wconf 87' lang='lat' dir='ltr'>mensibus</span> <span class='ocrx_word' id='word_1_73' title='bbox 885 1178 1047 1243; x_wconf 71' lang='lat' dir='ltr'>siccantur</span> <span class='ocrx_word' id='word_1_74' title='bbox 1060 1177 1127 1244; x_wconf 90' lang='lat' dir='ltr'>sole</span> <span class='ocrx_word' id='word_1_75' title='bbox 1140 1188 1277 1266; x_wconf 78' lang='lat' dir='ltr'>ruptae·</span> 
     </span>
     <span class='ocr_line' id='line_1_10' title="bbox 154 1275 1278 1370; baseline 0.004 -27"><span class='ocrx_word' id='word_1_76' title='bbox 154 1301 218 1363; x_wconf 93' lang='lat' dir='ltr'>que</span> <span class='ocrx_word' id='word_1_77' title='bbox 240 1277 389 1370; x_wconf 81' lang='lat' dir='ltr'>emittunt</span> <span class='ocrx_word' id='word_1_78' title='bbox 410 1298 519 1341; x_wconf 88' lang='lat' dir='ltr'>semen</span> <span class='ocrx_word' id='word_1_79' title='bbox 538 1275 680 1342; x_wconf 77' lang='lat' dir='ltr'>formicis</span> <span class='ocrx_word' id='word_1_80' title='bbox 696 1277 776 1343; x_wconf 90' lang='lat' dir='ltr'>mire</span> <span class='ocrx_word' id='word_1_81' title='bbox 791 1277 980 1364; x_wconf 89' lang='lat' dir='ltr'>expetitum,</span> <span class='ocrx_word' id='word_1_82' title='bbox 1002 1279 1156 1365; x_wconf 83' lang='lat' dir='ltr'>ampliato</span> <span class='ocrx_word' id='word_1_83' title='bbox 1176 1280 1278 1347; x_wconf 77' lang='lat' dir='ltr'>etiam</span> 
     </span>
     <span class='ocr_line' id='line_1_11' title="bbox 154 1377 1277 1448; baseline 0.001 -1"><span class='ocrx_word' id='word_1_84' title='bbox 154 1379 308 1447; x_wconf 89' lang='lat' dir='ltr'>miraculo</span> <span class='ocrx_word' id='word_1_85' title='bbox 330 1377 443 1443; x_wconf 89' lang='lat' dir='ltr'>tantuli</span> <span class='ocrx_word' id='word_1_86' title='bbox 471 1377 617 1443; x_wconf 84' lang='lat' dir='ltr'>animalis</span> <span class='ocrx_word' id='word_1_87' title='bbox 639 1377 710 1444; x_wconf 90' lang='lat' dir='ltr'>cibo</span> <span class='ocrx_word' id='word_1_88' title='bbox 731 1378 857 1444; x_wconf 88' lang='lat' dir='ltr'>absumi</span> <span class='ocrx_word' id='word_1_89' title='bbox 879 1379 1018 1445; x_wconf 90' lang='lat' dir='ltr'>natalem</span> <span class='ocrx_word' id='word_1_90' title='bbox 1039 1389 1201 1447; x_wconf 82' lang='lat' dir='ltr'>tantarum</span> <span class='ocrx_word' id='word_1_91' title='bbox 1220 1404 1277 1448; x_wconf 84' lang='lat' dir='ltr'>ar-</span> 
     </span>
     <span class='ocr_line' id='line_1_12' title="bbox 154 1476 1279 1565; baseline 0.003 -20"><span class='ocrx_word' id='word_1_92' title='bbox 154 1481 279 1547; x_wconf 89' lang='lat' dir='ltr'>borum.</span> <span class='ocrx_word' id='word_1_93' title='bbox 322 1476 450 1545; x_wconf 88' lang='lat' dir='ltr'>Seritur</span> <span class='ocrx_word' id='word_1_94' title='bbox 476 1477 585 1564; x_wconf 85' lang='lat' dir='ltr'>Aprili</span> <span class='ocrx_word' id='word_1_95' title='bbox 609 1501 735 1558; x_wconf 88' lang='lat' dir='ltr'>mense,</span> <span class='ocrx_word' id='word_1_96' title='bbox 768 1502 846 1545; x_wconf 87' lang='lat' dir='ltr'>area</span> <span class='ocrx_word' id='word_1_97' title='bbox 872 1490 1007 1564; x_wconf 89' lang='lat' dir='ltr'>aequata</span> <span class='ocrx_word' id='word_1_98' title='bbox 1036 1481 1192 1565; x_wconf 72' lang='lat' dir='ltr'>cylindris</span> <span class='ocrx_word' id='word_1_99' title='bbox 1217 1494 1279 1549; x_wconf 81' lang='lat' dir='ltr'>aut</span> 
     </span>
     <span class='ocr_line' id='line_1_13' title="bbox 155 1579 1280 1668; baseline 0.001 -21"><span class='ocrx_word' id='word_1_100' title='bbox 155 1580 317 1668; x_wconf 77' lang='lat' dir='ltr'>volgiolis‚</span> <span class='ocrx_word' id='word_1_101' title='bbox 346 1580 500 1658; x_wconf 89' lang='lat' dir='ltr'>densum,</span> <span class='ocrx_word' id='word_1_102' title='bbox 533 1590 681 1662; x_wconf 89' lang='lat' dir='ltr'>terraque</span> <span class='ocrx_word' id='word_1_103' title='bbox 708 1579 824 1645; x_wconf 75' lang='lat' dir='ltr'>cribris</span> <span class='ocrx_word' id='word_1_104' title='bbox 851 1580 1123 1666; x_wconf 75' lang='lat' dir='ltr'>superincernitur</span> <span class='ocrx_word' id='word_1_105' title='bbox 1149 1580 1280 1667; x_wconf 84' lang='lat' dir='ltr'>pollicis</span> 
     </span>
     <span class='ocr_line' id='line_1_14' title="bbox 156 1675 1327 1764; baseline -0.003 -17"><span class='ocrx_word' id='word_1_106' title='bbox 156 1681 377 1747; x_wconf 89' lang='lat' dir='ltr'>crassitudine.</span> <span class='ocrx_word' id='word_1_107' title='bbox 414 1678 537 1745; x_wconf 85' lang='lat' dir='ltr'>Contra</span> <span class='ocrx_word' id='word_1_108' title='bbox 563 1675 690 1744; x_wconf 85' lang='lat' dir='ltr'>inmane</span> <span class='ocrx_word' id='word_1_109' title='bbox 715 1679 843 1764; x_wconf 88' lang='lat' dir='ltr'>pondus</span> <span class='ocrx_word' id='word_1_110' title='bbox 872 1681 1017 1747; x_wconf 81' lang='lat' dir='ltr'>attollere</span> <span class='ocrx_word' id='word_1_111' title='bbox 1043 1703 1078 1747; x_wconf 88' lang='lat' dir='ltr'>se</span> <span class='ocrx_word' id='word_1_112' title='bbox 1105 1702 1171 1747; x_wconf 90' lang='lat' dir='ltr'>non</span> <span class='ocrx_word' id='word_1_113' title='bbox 1191 1682 1281 1750; x_wconf 79' lang='lat' dir='ltr'>valet</span> <span class='ocrx_word' id='word_1_114' title='bbox 1294 1697 1327 1746; x_wconf 75' lang='lat'>⁷4</span> 
     </span>
     <span class='ocr_line' id='line_1_15' title="bbox 156 1778 1281 1868; baseline 0 -18"><span class='ocrx_word' id='word_1_115' title='bbox 156 1791 382 1867; x_wconf 85' lang='lat' dir='ltr'>torqueturque</span> <span class='ocrx_word' id='word_1_116' title='bbox 405 1778 465 1845; x_wconf 90' lang='lat' dir='ltr'>sub</span> <span class='ocrx_word' id='word_1_117' title='bbox 487 1790 588 1858; x_wconf 85' lang='lat' dir='ltr'>terra3</span> <span class='ocrx_word' id='word_1_118' title='bbox 611 1779 653 1845; x_wconf 95' lang='lat' dir='ltr'>ob</span> <span class='ocrx_word' id='word_1_119' title='bbox 674 1779 736 1845; x_wconf 92' lang='lat' dir='ltr'>boo</span> <span class='ocrx_word' id='word_1_120' title='bbox 757 1792 791 1846; x_wconf 89' lang='lat' dir='ltr'>et</span> <span class='ocrx_word' id='word_1_121' title='bbox 811 1780 942 1865; x_wconf 88' lang='lat' dir='ltr'>pavitur</span> <span class='ocrx_word' id='word_1_122' title='bbox 962 1781 1120 1868; x_wconf 82' lang='lat' dir='ltr'>vestigiis.</span> <span class='ocrx_word' id='word_1_123' title='bbox 1141 1781 1281 1850; x_wconf 75' lang='lat' dir='ltr'>Leviter</span> 
     </span>
     <span class='ocr_line' id='line_1_16' title="bbox 154 1880 1281 1970; baseline 0.001 -21"><span class='ocrx_word' id='word_1_124' title='bbox 154 1884 280 1970; x_wconf 84' lang='lat' dir='ltr'>rigetur</span> <span class='ocrx_word' id='word_1_125' title='bbox 301 1905 322 1947; x_wconf 88' lang='lat' dir='ltr'>a</span> <span class='ocrx_word' id='word_1_126' title='bbox 343 1882 419 1947; x_wconf 87' lang='lat' dir='ltr'>solis</span> <span class='ocrx_word' id='word_1_127' title='bbox 439 1903 557 1947; x_wconf 90' lang='lat' dir='ltr'>occasu</span> <span class='ocrx_word' id='word_1_128' title='bbox 582 1881 617 1946; x_wconf 93' lang='lat' dir='ltr'>in</span> <span class='ocrx_word' id='word_1_129' title='bbox 646 1880 739 1946; x_wconf 90' lang='lat' dir='ltr'>trinis</span> <span class='ocrx_word' id='word_1_130' title='bbox 765 1880 896 1959; x_wconf 87' lang='lat' dir='ltr'>diebus,</span> <span class='ocrx_word' id='word_1_131' title='bbox 923 1892 959 1947; x_wconf 92' lang='lat' dir='ltr'>ut</span> <span class='ocrx_word' id='word_1_132' title='bbox 985 1883 1161 1966; x_wconf 88' lang='lat' dir='ltr'>aequaliter</span> <span class='ocrx_word' id='word_1_133' title='bbox 1186 1881 1281 1950; x_wconf 87' lang='lat' dir='ltr'>bibat</span> 
     </span>
     <span class='ocr_line' id='line_1_17' title="bbox 156 1981 1280 2069; baseline 0.002 -19"><span class='ocrx_word' id='word_1_134' title='bbox 156 1985 258 2051; x_wconf 89' lang='lat' dir='ltr'>donec</span> <span class='ocrx_word' id='word_1_135' title='bbox 280 1993 458 2069; x_wconf 89' lang='lat' dir='ltr'>erumpant.</span> <span class='ocrx_word' id='word_1_136' title='bbox 479 1981 685 2049; x_wconf 86' lang='lat' dir='ltr'>Differuntur</span> <span class='ocrx_word' id='word_1_137' title='bbox 697 1993 772 2068; x_wconf 88' lang='lat' dir='ltr'>post</span> <span class='ocrx_word' id='word_1_138' title='bbox 792 2005 912 2047; x_wconf 91' lang='lat' dir='ltr'>annum</span> <span class='ocrx_word' id='word_1_139' title='bbox 932 1983 1111 2050; x_wconf 71' lang='lat' dir='ltr'>dodrantali</span> <span class='ocrx_word' id='word_1_140' title='bbox 1131 1984 1200 2063; x_wconf 80' lang='lat' dir='ltr'>filo,</span> <span class='ocrx_word' id='word_1_141' title='bbox 1217 2007 1280 2053; x_wconf 89' lang='lat' dir='ltr'>on·</span> 
     </span>
     <span class='ocr_line' id='line_1_18' title="bbox 156 2083 1280 2170; baseline 0.001 -19"><span class='ocrx_word' id='word_1_142' title='bbox 156 2084 275 2151; x_wconf 86' lang='lat' dir='ltr'>stodita</span> <span class='ocrx_word' id='word_1_143' title='bbox 297 2083 449 2170; x_wconf 89' lang='lat' dir='ltr'>temperie</span> <span class='ocrx_word' id='word_1_144' title='bbox 476 2094 513 2148; x_wconf 90' lang='lat' dir='ltr'>ut</span> <span class='ocrx_word' id='word_1_145' title='bbox 541 2083 637 2149; x_wconf 87' lang='lat' dir='ltr'>viridi</span> <span class='ocrx_word' id='word_1_146' title='bbox 664 2084 752 2148; x_wconf 83' lang='lat' dir='ltr'>caelo</span> <span class='ocrx_word' id='word_1_147' title='bbox 774 2095 921 2148; x_wconf 88' lang='lat' dir='ltr'>serantur</span> <span class='ocrx_word' id='word_1_148' title='bbox 942 2106 981 2151; x_wconf 89' lang='lat' dir='ltr'>ac</span> <span class='ocrx_word' id='word_1_149' title='bbox 1003 2084 1072 2152; x_wconf 82' lang='lat' dir='ltr'>sine</span> <span class='ocrx_word' id='word_1_150' title='bbox 1093 2107 1187 2162; x_wconf 72' lang='lat' dir='ltr'>aum</span> <span class='ocrx_word' id='word_1_151' title='bbox 1214 2086 1280 2152; x_wconf 85' lang='lat' dir='ltr'>mi-</span> 
     </span>
     <span class='ocr_line' id='line_1_19' title="bbox 155 2183 1281 2270; baseline 0.002 -19"><span class='ocrx_word' id='word_1_152' title='bbox 155 2208 290 2270; x_wconf 90' lang='lat' dir='ltr'>rumque</span> <span class='ocrx_word' id='word_1_153' title='bbox 312 2186 411 2261; x_wconf 92' lang='lat' dir='ltr'>dictu,</span> <span class='ocrx_word' id='word_1_154' title='bbox 433 2183 611 2269; x_wconf 89' lang='lat' dir='ltr'>periculum</span> <span class='ocrx_word' id='word_1_155' title='bbox 633 2205 671 2248; x_wconf 92' lang='lat' dir='ltr'>eo</span> <span class='ocrx_word' id='word_1_156' title='bbox 693 2193 819 2249; x_wconf 86' lang='lat' dir='ltr'>tantum</span> <span class='ocrx_word' id='word_1_157' title='bbox 841 2184 893 2249; x_wconf 91' lang='lat' dir='ltr'>die</span> <span class='ocrx_word' id='word_1_158' title='bbox 914 2195 973 2263; x_wconf 86' lang='lat' dir='ltr'>est,</span> <span class='ocrx_word' id='word_1_159' title='bbox 996 2185 1024 2250; x_wconf 90' lang='lat' dir='ltr'>si</span> <span class='ocrx_word' id='word_1_160' title='bbox 1038 2185 1160 2251; x_wconf 74' lang='lat' dir='ltr'>roravit</span> <span class='ocrx_word' id='word_1_161' title='bbox 1173 2206 1281 2270; x_wconf 76' lang='lat' dir='ltr'>qum·</span> 
     </span>
     <span class='ocr_line' id='line_1_20' title="bbox 157 2283 1284 2371; baseline 0.003 -21"><span class='ocrx_word' id='word_1_162' title='bbox 157 2287 395 2369; x_wconf 89' lang='lat' dir='ltr'>tulumcumque</span> <span class='ocrx_word' id='word_1_163' title='bbox 416 2283 551 2349; x_wconf 91' lang='lat' dir='ltr'>imbrem</span> <span class='ocrx_word' id='word_1_164' title='bbox 572 2294 628 2348; x_wconf 90' lang='lat' dir='ltr'>aut</span> <span class='ocrx_word' id='word_1_165' title='bbox 651 2284 678 2348; x_wconf 86' lang='lat' dir='ltr'>si</span> <span class='ocrx_word' id='word_1_166' title='bbox 705 2283 852 2361; x_wconf 86' lang='lat' dir='ltr'>adflavit3</span> <span class='ocrx_word' id='word_1_167' title='bbox 881 2285 921 2350; x_wconf 92' lang='lat' dir='ltr'>de</span> <span class='ocrx_word' id='word_1_168' title='bbox 941 2286 1066 2371; x_wconf 90' lang='lat' dir='ltr'>reliquo</span> <span class='ocrx_word' id='word_1_169' title='bbox 1087 2297 1177 2351; x_wconf 86' lang='lat' dir='ltr'>tutae</span> <span class='ocrx_word' id='word_1_170' title='bbox 1203 2297 1284 2353; x_wconf 86' lang='lat' dir='ltr'>sunt</span> 
     </span>
     <span class='ocr_line' id='line_1_21' title="bbox 156 2384 1282 2473; baseline 0.002 -24"><span class='ocrx_word' id='word_1_171' title='bbox 156 2388 313 2472; x_wconf 86' lang='lat' dir='ltr'>perpetua</span> <span class='ocrx_word' id='word_1_172' title='bbox 334 2385 506 2451; x_wconf 84' lang='lat' dir='ltr'>securitate</span> <span class='ocrx_word' id='word_1_173' title='bbox 527 2406 691 2468; x_wconf 87' lang='lat' dir='ltr'>aquasque</span> <span class='ocrx_word' id='word_1_174' title='bbox 712 2395 824 2470; x_wconf 89' lang='lat' dir='ltr'>postea</span> <span class='ocrx_word' id='word_1_175' title='bbox 845 2385 953 2451; x_wconf 89' lang='lat' dir='ltr'>odere.</span> <span class='ocrx_word' id='word_1_176' title='bbox 976 2384 1021 2450; x_wconf 79' lang='lat' dir='ltr'>Et</span> <span class='ocrx_word' id='word_1_177' title='bbox 1036 2385 1164 2472; x_wconf 80' lang='lat' dir='ltr'>zizipha</span> <span class='ocrx_word' id='word_1_178' title='bbox 1177 2408 1282 2473; x_wconf 80' lang='lat' dir='ltr'>grano</span> 
     </span>
     <span class='ocr_line' id='line_1_22' title="bbox 156 2484 1328 2572; baseline -0.003 -21"><span class='ocrx_word' id='word_1_179' title='bbox 156 2496 308 2551; x_wconf 79' lang='lat' dir='ltr'>seumtur</span> <span class='ocrx_word' id='word_1_180' title='bbox 328 2485 435 2572; x_wconf 88' lang='lat' dir='ltr'>Aprili</span> <span class='ocrx_word' id='word_1_181' title='bbox 456 2508 576 2551; x_wconf 90' lang='lat' dir='ltr'>mense.</span> <span class='ocrx_word' id='word_1_182' title='bbox 608 2484 754 2551; x_wconf 86' lang='lat' dir='ltr'>Tuberes</span> <span class='ocrx_word' id='word_1_183' title='bbox 775 2485 889 2552; x_wconf 87' lang='lat' dir='ltr'>melius</span> <span class='ocrx_word' id='word_1_184' title='bbox 909 2487 1097 2553; x_wconf 89' lang='lat' dir='ltr'>inseruntur</span> <span class='ocrx_word' id='word_1_185' title='bbox 1117 2487 1151 2551; x_wconf 92' lang='lat' dir='ltr'>in</span> <span class='ocrx_word' id='word_1_186' title='bbox 1173 2508 1281 2572; x_wconf 87' lang='lat' dir='ltr'>pruno</span> <span class='ocrx_word' id='word_1_187' title='bbox 1295 2501 1328 2550; x_wconf 82' lang='lat' dir='ltr'>ts</span> 
     </span>
     <span class='ocr_line' id='line_1_23' title="bbox 158 2585 1280 2676; baseline 0.003 -24"><span class='ocrx_word' id='word_1_188' title='bbox 158 2585 296 2652; x_wconf 87' lang='lat' dir='ltr'>silvestri</span> <span class='ocrx_word' id='word_1_189' title='bbox 322 2597 354 2651; x_wconf 88' lang='lat' dir='ltr'>et</span> <span class='ocrx_word' id='word_1_190' title='bbox 379 2586 461 2652; x_wconf 91' lang='lat' dir='ltr'>malo</span> <span class='ocrx_word' id='word_1_191' title='bbox 490 2597 623 2653; x_wconf 89' lang='lat' dir='ltr'>cotoneo</span> <span class='ocrx_word' id='word_1_192' title='bbox 646 2589 732 2653; x_wconf 91' lang='lat' dir='ltr'>etin</span> <span class='ocrx_word' id='word_1_193' title='bbox 755 2588 911 2654; x_wconf 83' lang='lat' dir='ltr'>calabriae</span> <span class='ocrx_word' id='word_1_194' title='bbox 918 2615 928 2667; x_wconf 91' lang='lat'>;</span> <span class='ocrx_word' id='word_1_195' title='bbox 957 2610 997 2654; x_wconf 89' lang='lat' dir='ltr'>ea</span> <span class='ocrx_word' id='word_1_196' title='bbox 1026 2588 1120 2676; x_wconf 89' lang='lat' dir='ltr'>spina</span> <span class='ocrx_word' id='word_1_197' title='bbox 1146 2596 1196 2653; x_wconf 81' lang='lat' dir='ltr'>est</span> <span class='ocrx_word' id='word_1_198' title='bbox 1220 2588 1280 2655; x_wconf 89' lang='lat' dir='ltr'>sil-</span> 
     </span>
     <span class='ocr_line' id='line_1_24' title="bbox 156 2685 1282 2777; baseline 0.001 -23"><span class='ocrx_word' id='word_1_199' title='bbox 156 2687 281 2755; x_wconf 88' lang='lat' dir='ltr'>vestris.</span> <span class='ocrx_word' id='word_1_200' title='bbox 323 2685 553 2774; x_wconf 76' lang='lat' dir='ltr'>Quaecumque</span> <span class='ocrx_word' id='word_1_201' title='bbox 582 2699 712 2775; x_wconf 90' lang='lat' dir='ltr'>optume</span> <span class='ocrx_word' id='word_1_202' title='bbox 741 2699 773 2755; x_wconf 90' lang='lat' dir='ltr'>et</span> <span class='ocrx_word' id='word_1_203' title='bbox 800 2712 914 2774; x_wconf 88' lang='lat' dir='ltr'>myxas</span> <span class='ocrx_word' id='word_1_204' title='bbox 939 2689 1067 2777; x_wconf 88' lang='lat' dir='ltr'>recipit,</span> <span class='ocrx_word' id='word_1_205' title='bbox 1095 2689 1218 2755; x_wconf 86' lang='lat' dir='ltr'>utiliter</span> <span class='ocrx_word' id='word_1_206' title='bbox 1246 2699 1282 2755; x_wconf 91' lang='lat' dir='ltr'>et</span> 
     </span>
    </p>

    <p class='ocr_par' dir='ltr' id='par_1_3' title="bbox 105 2787 1281 3078">
     <span class='ocr_line' id='line_1_25' title="bbox 105 2787 1281 2874; baseline 0 -21"><span class='ocrx_word' id='word_1_207' title='bbox 105 2844 108 2853; x_wconf 25' lang='grc' dir='ltr'>ι</span> <span class='ocrx_word' id='word_1_208' title='bbox 156 2788 277 2856; x_wconf 83' lang='lat' dir='ltr'>sorbes.</span> <span class='ocrx_word' id='word_1_209' title='bbox 316 2787 381 2854; x_wconf 88' lang='lat' dir='ltr'>XI.</span> <span class='ocrx_word' id='word_1_210' title='bbox 402 2789 536 2855; x_wconf 87' lang='lat' dir='ltr'>Plantas</span> <span class='ocrx_word' id='word_1_211' title='bbox 558 2812 598 2855; x_wconf 90' lang='lat' dir='ltr'>ex</span> <span class='ocrx_word' id='word_1_212' title='bbox 620 2789 789 2856; x_wconf 88' lang='lat' dir='ltr'>seminario</span> <span class='ocrx_word' id='word_1_213' title='bbox 811 2791 984 2857; x_wconf 85' lang='lat' dir='ltr'>transferre</span> <span class='ocrx_word' id='word_1_214' title='bbox 1004 2790 1039 2854; x_wconf 91' lang='lat' dir='ltr'>in</span> <span class='ocrx_word' id='word_1_215' title='bbox 1060 2788 1149 2854; x_wconf 89' lang='lat' dir='ltr'>aliud</span> <span class='ocrx_word' id='word_1_216' title='bbox 1170 2787 1281 2874; x_wconf 82' lang='lat' dir='ltr'>prius-</span> 
     </span>
     <span class='ocr_line' id='line_1_26' title="bbox 154 2888 1281 2978; baseline 0.004 -25"><span class='ocrx_word' id='word_1_217' title='bbox 154 2910 252 2973; x_wconf 91' lang='lat' dir='ltr'>quam</span> <span class='ocrx_word' id='word_1_218' title='bbox 278 2907 343 2954; x_wconf 85' lang='lat' dir='ltr'>·suo</span> <span class='ocrx_word' id='word_1_219' title='bbox 374 2890 443 2956; x_wconf 91' lang='lat' dir='ltr'>loco</span> <span class='ocrx_word' id='word_1_220' title='bbox 476 2902 637 2976; x_wconf 86' lang='lat' dir='ltr'>ponantur</span> <span class='ocrx_word' id='word_1_221' title='bbox 668 2913 801 2978; x_wconf 91' lang='lat' dir='ltr'>operose</span> <span class='ocrx_word' id='word_1_222' title='bbox 833 2889 979 2976; x_wconf 89' lang='lat' dir='ltr'>praecipi</span> <span class='ocrx_word' id='word_1_223' title='bbox 1009 2889 1168 2967; x_wconf 88' lang='lat' dir='ltr'>arbitror,</span> <span class='ocrx_word' id='word_1_224' title='bbox 1200 2888 1281 2957; x_wconf 79' lang='lat' dir='ltr'>licat</span> 
     </span>
     <span class='ocr_line' id='line_1_27' title="bbox 156 2990 911 3078; baseline 0.003 -24"><span class='ocrx_word' id='word_1_225' title='bbox 156 2990 364 3057; x_wconf 87' lang='lat' dir='ltr'>translatione</span> <span class='ocrx_word' id='word_1_226' title='bbox 385 2990 462 3057; x_wconf 84' lang='lat' dir='ltr'>lolia</span> <span class='ocrx_word' id='word_1_227' title='bbox 482 2990 597 3057; x_wconf 86' lang='lat' dir='ltr'>latiora</span> <span class='ocrx_word' id='word_1_228' title='bbox 617 2991 686 3056; x_wconf 90' lang='lat' dir='ltr'>fieri</span> <span class='ocrx_word' id='word_1_229' title='bbox 708 2992 911 3078; x_wconf 80' lang='lat' dir='ltr'>spondeant&#39;</span> 
     </span>
    </p>
   </div>
   <div class='ocr_carea' id='block_1_3' title="bbox 151 3127 1283 4272">
    <p class='ocr_par' dir='ltr' id='par_1_4' title="bbox 156 3127 1281 3389">
     <span class='ocr_line' id='line_1_28' title="bbox 190 3127 1280 3194; baseline 0.001 -15"><span class='ocrx_word' id='word_1_230' title='bbox 190 3131 205 3192; x_wconf 68' lang='grc' dir='ltr'><strong>ξ</strong></span> <span class='ocrx_word' id='word_1_231' title='bbox 219 3132 258 3179; x_wconf 82' lang='lat'>72.</span> <span class='ocrx_word' id='word_1_232' title='bbox 280 3127 357 3192; x_wconf 58' lang='lat' dir='ltr'>Quia</span> <span class='ocrx_word' id='word_1_233' title='bbox 367 3129 393 3178; x_wconf 89' lang='lat' dir='ltr'>in</span> <span class='ocrx_word' id='word_1_234' title='bbox 402 3133 459 3180; x_wconf 87' lang='lat' dir='ltr'>cod.</span> <span class='ocrx_word' id='word_1_235' title='bbox 469 3148 484 3181; x_wconf 83' lang='lat' dir='ltr'>a</span> <span class='ocrx_word' id='word_1_236' title='bbox 493 3139 552 3194; x_wconf 84' lang='lat' dir='ltr'>post</span> <span class='ocrx_word' id='word_1_237' title='bbox 561 3131 587 3180; x_wconf 87' lang='lat' dir='ltr'>b.</span> <span class='ocrx_word' id='word_1_238' title='bbox 596 3146 619 3180; x_wconf 84' lang='lat' dir='ltr'>v.</span> <span class='ocrx_word' id='word_1_239' title='bbox 630 3136 750 3194; x_wconf 86' lang='lat' dir='ltr'>quattuor</span> <span class='ocrx_word' id='word_1_240' title='bbox 757 3130 811 3180; x_wconf 80' lang='lat' dir='ltr'>lere</span> <span class='ocrx_word' id='word_1_241' title='bbox 818 3132 918 3180; x_wconf 86' lang='lat' dir='ltr'>litterae</span> <span class='ocrx_word' id='word_1_242' title='bbox 926 3145 1018 3181; x_wconf 88' lang='lat' dir='ltr'>erasae.</span> <span class='ocrx_word' id='word_1_243' title='bbox 1028 3170 1060 3180; x_wconf 91' lang='grc'>..</span> <span class='ocrx_word' id='word_1_244' title='bbox 1069 3129 1244 3193; x_wconf 72' lang='lat' dir='ltr'>oriyiaisaaae,</span> <span class='ocrx_word' id='word_1_245' title='bbox 1253 3130 1280 3180; x_wconf 85' lang='lat' dir='ltr'>d.</span> 
     </span>
     <span class='ocr_line' id='line_1_29' title="bbox 156 3193 1280 3263; baseline 0.005 -22"><span class='ocrx_word' id='word_1_246' title='bbox 156 3194 354 3257; x_wconf 74' lang='lat' dir='ltr'>oriqiaisaae,a.</span> <span class='ocrx_word' id='word_1_247' title='bbox 381 3196 514 3260; x_wconf 66' lang='lat' dir='ltr'>oriciadae,</span> <span class='ocrx_word' id='word_1_248' title='bbox 526 3216 546 3248; x_wconf 93' lang='lat' dir='ltr'>r.</span> <span class='ocrx_word' id='word_1_249' title='bbox 567 3240 598 3248; x_wconf 89' lang='lat'>..</span> <span class='ocrx_word' id='word_1_250' title='bbox 621 3198 784 3259; x_wconf 66' lang='lat' dir='ltr'>materiamen</span> <span class='ocrx_word' id='word_1_251' title='bbox 811 3197 943 3258; x_wconf 82' lang='lat' dir='ltr'>materiam,</span> <span class='ocrx_word' id='word_1_252' title='bbox 957 3193 1028 3263; x_wconf 71' lang='lat' dir='ltr'>dsty.</span> <span class='ocrx_word' id='word_1_253' title='bbox 1047 3237 1078 3247; x_wconf 87' lang='lat'><em>-</em></span> <span class='ocrx_word' id='word_1_254' title='bbox 1099 3195 1220 3261; x_wconf 64' lang='lat' dir='ltr'>predas.</span> <span class='ocrx_word' id='word_1_255' title='bbox 1245 3236 1280 3247; x_wconf 80' lang='grc'><strong>-</strong></span> 
     </span>
     <span class='ocr_line' id='line_1_30' title="bbox 156 3260 1281 3328; baseline 0.004 -20"><span class='ocrx_word' id='word_1_256' title='bbox 156 3260 258 3321; x_wconf 78' lang='lat' dir='ltr'>arboria,</span> <span class='ocrx_word' id='word_1_257' title='bbox 270 3275 293 3310; x_wconf 91' lang='lat' dir='ltr'>a.</span> <span class='ocrx_word' id='word_1_258' title='bbox 311 3262 441 3322; x_wconf 65' lang='lat' dir='ltr'>aroana,</span> <span class='ocrx_word' id='word_1_259' title='bbox 454 3267 478 3313; x_wconf 89' lang='lat' dir='ltr'>d.</span> <span class='ocrx_word' id='word_1_260' title='bbox 491 3306 522 3314; x_wconf 79' lang='grc'>-</span> <span class='ocrx_word' id='word_1_261' title='bbox 541 3264 665 3327; x_wconf 53' lang='lat' dir='ltr'>collad·</span> <span class='ocrx_word' id='word_1_262' title='bbox 678 3307 709 3317; x_wconf 89' lang='lat'>..</span> <span class='ocrx_word' id='word_1_263' title='bbox 728 3266 822 3328; x_wconf 73' lang='lat' dir='ltr'>Hoqa.</span> <span class='ocrx_word' id='word_1_264' title='bbox 836 3307 867 3315; x_wconf 90' lang='lat'>..</span> <span class='ocrx_word' id='word_1_265' title='bbox 885 3272 974 3313; x_wconf 83' lang='lat' dir='ltr'>natura</span> <span class='ocrx_word' id='word_1_266' title='bbox 985 3263 1042 3326; x_wconf 82' lang='lat' dir='ltr'>aias,</span> <span class='ocrx_word' id='word_1_267' title='bbox 1054 3265 1099 3313; x_wconf 85' lang='lat' dir='ltr'>ad.</span> <span class='ocrx_word' id='word_1_268' title='bbox 1111 3305 1144 3314; x_wconf 90' lang='grc'>..</span> <span class='ocrx_word' id='word_1_269' title='bbox 1163 3263 1281 3327; x_wconf 63' lang='lat' dir='ltr'>lacrima</span> 
     </span>
     <span class='ocr_line' id='line_1_31' title="bbox 156 3326 594 3389; baseline 0.018 -16"><span class='ocrx_word' id='word_1_270' title='bbox 156 3329 187 3379; x_wconf 85' lang='lat' dir='ltr'>T.</span> <span class='ocrx_word' id='word_1_271' title='bbox 206 3368 238 3376; x_wconf 87' lang='lat'>..</span> <span class='ocrx_word' id='word_1_272' title='bbox 257 3326 359 3376; x_wconf 72' lang='lat' dir='ltr'>dicemus</span> <span class='ocrx_word' id='word_1_273' title='bbox 372 3334 411 3385; x_wconf 80' lang='lat'>19,</span> <span class='ocrx_word' id='word_1_274' title='bbox 425 3335 480 3379; x_wconf 76' lang='lat'><strong>1⁶2.</strong></span> <span class='ocrx_word' id='word_1_275' title='bbox 499 3336 540 3389; x_wconf 76' lang='lat'>21,</span> <span class='ocrx_word' id='word_1_276' title='bbox 552 3338 594 3381; x_wconf 81' lang='lat'>24.</span> 
     </span>
    </p>

    <p class='ocr_par' dir='ltr' id='par_1_5' title="bbox 155 3394 1281 3660">
     <span class='ocr_line' id='line_1_32' title="bbox 189 3394 1279 3463; baseline 0.003 -17"><span class='ocrx_word' id='word_1_277' title='bbox 189 3398 258 3460; x_wconf 74' lang='lat' dir='ltr'>§aa</span> <span class='ocrx_word' id='word_1_278' title='bbox 285 3394 398 3456; x_wconf 60' lang='lat' dir='ltr'>daiam</span> <span class='ocrx_word' id='word_1_279' title='bbox 414 3396 493 3445; x_wconf 86' lang='lat' dir='ltr'>immo</span> <span class='ocrx_word' id='word_1_280' title='bbox 510 3399 859 3459; x_wconf 64' lang='lat' dir='ltr'>commacinam</span> <span class='ocrx_word' id='word_1_281' title='bbox 884 3440 915 3448; x_wconf 89' lang='lat'>..</span> <span class='ocrx_word' id='word_1_282' title='bbox 941 3395 1089 3463; x_wconf 64' lang='lat' dir='ltr'>damisco.</span> <span class='ocrx_word' id='word_1_283' title='bbox 1112 3439 1144 3447; x_wconf 84' lang='lat'>-</span> <span class='ocrx_word' id='word_1_284' title='bbox 1170 3395 1279 3449; x_wconf 71' lang='lat' dir='ltr'>malea</span> 
     </span>
     <span class='ocr_line' id='line_1_33' title="bbox 155 3461 1279 3530; baseline 0.003 -18"><span class='ocrx_word' id='word_1_285' title='bbox 155 3462 256 3521; x_wconf 67' lang='lat' dir='ltr'>arborea,</span> <span class='ocrx_word' id='word_1_286' title='bbox 268 3479 288 3512; x_wconf 84' lang='lat' dir='ltr'>r.</span> <span class='ocrx_word' id='word_1_287' title='bbox 308 3503 339 3511; x_wconf 93' lang='lat'>..</span> <span class='ocrx_word' id='word_1_288' title='bbox 357 3461 441 3525; x_wconf 80' lang='lat' dir='ltr'>Aprili</span> <span class='ocrx_word' id='word_1_289' title='bbox 450 3478 534 3524; x_wconf 82' lang='lat' dir='ltr'>menae,</span> <span class='ocrx_word' id='word_1_290' title='bbox 546 3466 590 3514; x_wconf 92' lang='lat' dir='ltr'>ad.</span> <span class='ocrx_word' id='word_1_291' title='bbox 608 3479 685 3513; x_wconf 82' lang='lat' dir='ltr'>menae</span> <span class='ocrx_word' id='word_1_292' title='bbox 696 3463 784 3528; x_wconf 78' lang='lat' dir='ltr'>Aprili,</span> <span class='ocrx_word' id='word_1_293' title='bbox 796 3461 847 3530; x_wconf 74' lang='grc' dir='ltr'>βγ.</span> <span class='ocrx_word' id='word_1_294' title='bbox 865 3506 897 3515; x_wconf 91' lang='grc'>..</span> <span class='ocrx_word' id='word_1_295' title='bbox 915 3463 1051 3530; x_wconf 70' lang='lat' dir='ltr'>salpinctis,</span> <span class='ocrx_word' id='word_1_296' title='bbox 1063 3462 1173 3529; x_wconf 86' lang='lat' dir='ltr'>a(prius</span> <span class='ocrx_word' id='word_1_297' title='bbox 1185 3481 1202 3513; x_wconf 89' lang='lat' dir='ltr'>a</span> <span class='ocrx_word' id='word_1_298' title='bbox 1213 3478 1249 3516; x_wconf 84' lang='lat' dir='ltr'>ex</span> <span class='ocrx_word' id='word_1_299' title='bbox 1261 3481 1279 3515; x_wconf 83' lang='lat' dir='ltr'>a</span> 
     </span>
     <span class='ocr_line' id='line_1_34' title="bbox 155 3523 1281 3660; baseline 0.002 -80"><span class='ocrx_word' id='word_1_300' title='bbox 155 3528 272 3660; x_wconf 47' lang='lat' dir='ltr'>facmnh).</span> <span class='ocrx_word' id='word_1_301' title='bbox 299 3523 497 3592; x_wconf 73' lang='lat' dir='ltr'>calmeliaDO,</span> <span class='ocrx_word' id='word_1_302' title='bbox 520 3529 655 3594; x_wconf 58' lang='lat' dir='ltr'>aalpoalre</span> <span class='ocrx_word' id='word_1_303' title='bbox 668 3533 722 3581; x_wconf 77' lang='lat' dir='ltr'>To.</span> <span class='ocrx_word' id='word_1_304' title='bbox 747 3572 778 3580; x_wconf 83' lang='grc'><strong>-</strong></span> <span class='ocrx_word' id='word_1_305' title='bbox 800 3533 1008 3596; x_wconf 76' lang='lat' dir='ltr'>superincernitur,</span> <span class='ocrx_word' id='word_1_306' title='bbox 1023 3526 1104 3583; x_wconf 77' lang='grc' dir='ltr'>θΤᾶ.</span> <span class='ocrx_word' id='word_1_307' title='bbox 1130 3532 1281 3597; x_wconf 59' lang='lat' dir='ltr'>mercami-</span> 
     </span>
     <span class='ocr_line' id='line_1_35' title="bbox 156 3607 791 3659; baseline 0.009 -11"><span class='ocrx_word' id='word_1_308' title='bbox 156 3607 229 3659; x_wconf 56' lang='grc' dir='ltr'>ιαμ</span> <span class='ocrx_word' id='word_1_309' title='bbox 279 3636 285 3647; x_wconf 94' lang='grc'><strong>.</strong></span> <span class='ocrx_word' id='word_1_310' title='bbox 767 3616 791 3654; x_wconf 75' lang='lat' dir='ltr'>m·</span> 
     </span>
    </p>

    <p class='ocr_par' dir='ltr' id='par_1_6' title="bbox 151 3614 1283 4134">
     <span class='ocr_line' id='line_1_36' title="bbox 189 3614 1280 3734; baseline 0.001 -17"><span class='ocrx_word' id='word_1_311' title='bbox 189 3614 393 3728; x_wconf 47' lang='lat' dir='ltr'>§refirmare</span> <span class='ocrx_word' id='word_1_312' title='bbox 406 3680 429 3714; x_wconf 89' lang='lat' dir='ltr'>a.</span> <span class='ocrx_word' id='word_1_313' title='bbox 453 3666 555 3725; x_wconf 83' lang='lat' dir='ltr'>mas,T.</span> <span class='ocrx_word' id='word_1_314' title='bbox 578 3662 669 3734; x_wconf 62' lang='lat' dir='ltr'>milis,</span> <span class='ocrx_word' id='word_1_315' title='bbox 682 3670 705 3717; x_wconf 86' lang='lat' dir='ltr'>d.</span> <span class='ocrx_word' id='word_1_316' title='bbox 729 3682 803 3729; x_wconf 69' lang='grc' dir='ltr'>ηιαιιι,</span> <span class='ocrx_word' id='word_1_317' title='bbox 815 3668 849 3717; x_wconf 93' lang='lat' dir='ltr'>D.</span> <span class='ocrx_word' id='word_1_318' title='bbox 877 3666 937 3719; x_wconf 82' lang='lat' dir='ltr'>Mar</span> <span class='ocrx_word' id='word_1_319' title='bbox 948 3665 1220 3732; x_wconf 77' lang='lat' dir='ltr'>metraporrdas,Pint.</span> <span class='ocrx_word' id='word_1_320' title='bbox 1246 3708 1280 3718; x_wconf 90' lang='lat'>..</span> 
     </span>
     <span class='ocr_line' id='line_1_37' title="bbox 157 3728 1280 3801; baseline 0.005 -22"><span class='ocrx_word' id='word_1_321' title='bbox 157 3739 326 3795; x_wconf 81' lang='lat' dir='ltr'>torqueturque,</span> <span class='ocrx_word' id='word_1_322' title='bbox 339 3733 431 3782; x_wconf 85' lang='lat' dir='ltr'>Tadr.</span> <span class='ocrx_word' id='word_1_323' title='bbox 450 3739 648 3796; x_wconf 84' lang='lat' dir='ltr'>retorqaetarqae,</span> <span class='ocrx_word' id='word_1_324' title='bbox 659 3730 689 3796; x_wconf 80' lang='grc' dir='ltr'>β.</span> <span class='ocrx_word' id='word_1_325' title='bbox 703 3776 734 3784; x_wconf 85' lang='grc'><strong>-</strong></span> <span class='ocrx_word' id='word_1_326' title='bbox 753 3743 783 3795; x_wconf 86' lang='lat' dir='ltr'>et,</span> <span class='ocrx_word' id='word_1_327' title='bbox 796 3728 895 3786; x_wconf 69' lang='lat' dir='ltr'>Grau.</span> <span class='ocrx_word' id='word_1_328' title='bbox 914 3736 1003 3788; x_wconf 85' lang='lat' dir='ltr'>Omitt.</span> <span class='ocrx_word' id='word_1_329' title='bbox 1012 3729 1062 3801; x_wconf 69' lang='grc' dir='ltr'>βγ.</span> <span class='ocrx_word' id='word_1_330' title='bbox 1076 3776 1107 3785; x_wconf 91' lang='grc'>..</span> <span class='ocrx_word' id='word_1_331' title='bbox 1122 3734 1231 3799; x_wconf 65' lang='lat' dir='ltr'>parim,</span> <span class='ocrx_word' id='word_1_332' title='bbox 1248 3728 1280 3785; x_wconf 79' lang='grc' dir='ltr'>Θ.</span> 
     </span>
     <span class='ocr_line' id='line_1_38' title="bbox 151 3794 1233 3868; baseline 0.006 -21"><span class='ocrx_word' id='word_1_333' title='bbox 151 3799 253 3862; x_wconf 79' lang='lat' dir='ltr'>patitur,</span> <span class='ocrx_word' id='word_1_334' title='bbox 266 3801 340 3850; x_wconf 85' lang='lat' dir='ltr'>Tad.</span> <span class='ocrx_word' id='word_1_335' title='bbox 356 3799 475 3863; x_wconf 81' lang='lat' dir='ltr'>parcitur,</span> <span class='ocrx_word' id='word_1_336' title='bbox 486 3794 515 3860; x_wconf 76' lang='grc' dir='ltr'>β.</span> <span class='ocrx_word' id='word_1_337' title='bbox 534 3842 565 3850; x_wconf 81' lang='grc'><strong>-</strong></span> <span class='ocrx_word' id='word_1_338' title='bbox 584 3799 688 3864; x_wconf 78' lang='lat' dir='ltr'>Leviter,</span> <span class='ocrx_word' id='word_1_339' title='bbox 700 3804 745 3854; x_wconf 88' lang='lat' dir='ltr'>ad.</span> <span class='ocrx_word' id='word_1_340' title='bbox 762 3802 868 3865; x_wconf 82' lang='lat' dir='ltr'>Leniter,</span> <span class='ocrx_word' id='word_1_341' title='bbox 879 3798 930 3868; x_wconf 73' lang='grc' dir='ltr'>βγ,</span> <span class='ocrx_word' id='word_1_342' title='bbox 944 3844 975 3853; x_wconf 89' lang='grc'>..</span> <span class='ocrx_word' id='word_1_343' title='bbox 994 3802 1089 3868; x_wconf 62' lang='lat' dir='ltr'>iacta,</span> <span class='ocrx_word' id='word_1_344' title='bbox 1102 3819 1125 3853; x_wconf 87' lang='lat' dir='ltr'>a.</span> <span class='ocrx_word' id='word_1_345' title='bbox 1144 3844 1175 3853; x_wconf 85' lang='lat'>..</span> <span class='ocrx_word' id='word_1_346' title='bbox 1193 3800 1233 3852; x_wconf 90' lang='lat' dir='ltr'>Di</span> 
     </span>
     <span class='ocr_line' id='line_1_39' title="bbox 155 3866 1279 3933; baseline 0.006 -19"><span class='ocrx_word' id='word_1_347' title='bbox 155 3875 247 3927; x_wconf 84' lang='lat' dir='ltr'>rantur,</span> <span class='ocrx_word' id='word_1_348' title='bbox 260 3869 304 3917; x_wconf 86' lang='lat' dir='ltr'>ad.</span> <span class='ocrx_word' id='word_1_349' title='bbox 328 3866 493 3928; x_wconf 69' lang='lat' dir='ltr'>Deserere,</span> <span class='ocrx_word' id='word_1_350' title='bbox 506 3868 539 3918; x_wconf 87' lang='lat' dir='ltr'>K.</span> <span class='ocrx_word' id='word_1_351' title='bbox 562 3868 798 3932; x_wconf 74' lang='lat' dir='ltr'>Deseanmr,Pint</span> <span class='ocrx_word' id='word_1_352' title='bbox 816 3911 848 3919; x_wconf 86' lang='lat'>..</span> <span class='ocrx_word' id='word_1_353' title='bbox 870 3869 1011 3933; x_wconf 64' lang='lat' dir='ltr'>errarint.</span> <span class='ocrx_word' id='word_1_354' title='bbox 1030 3910 1061 3920; x_wconf 90' lang='grc'>..</span> <span class='ocrx_word' id='word_1_355' title='bbox 1085 3869 1184 3932; x_wconf 80' lang='lat' dir='ltr'>roravit,</span> <span class='ocrx_word' id='word_1_356' title='bbox 1229 3871 1279 3921; x_wconf 74' lang='lat' dir='ltr'>ad.</span> 
     </span>
     <span class='ocr_line' id='line_1_40' title="bbox 155 3931 1280 4001; baseline 0.006 -20"><span class='ocrx_word' id='word_1_357' title='bbox 155 3935 280 3995; x_wconf 78' lang='lat' dir='ltr'>roraverit,</span> <span class='ocrx_word' id='word_1_358' title='bbox 292 3931 320 3996; x_wconf 79' lang='grc' dir='ltr'>β.</span> <span class='ocrx_word' id='word_1_359' title='bbox 341 3977 371 3984; x_wconf 83' lang='lat'>-.</span> <span class='ocrx_word' id='word_1_360' title='bbox 395 3935 609 4000; x_wconf 61' lang='lat' dir='ltr'>quantumcunque,</span> <span class='ocrx_word' id='word_1_361' title='bbox 624 3931 653 3988; x_wconf 82' lang='grc' dir='ltr'>θ.</span> <span class='ocrx_word' id='word_1_362' title='bbox 673 3980 703 3987; x_wconf 81' lang='grc'><strong>-</strong></span> <span class='ocrx_word' id='word_1_363' title='bbox 727 3938 820 3999; x_wconf 82' lang='lat' dir='ltr'>imbres,</span> <span class='ocrx_word' id='word_1_364' title='bbox 833 3932 885 3987; x_wconf 81' lang='grc' dir='ltr'>θᾱ.</span> <span class='ocrx_word' id='word_1_365' title='bbox 909 3979 940 3988; x_wconf 90' lang='grc'>..</span> <span class='ocrx_word' id='word_1_366' title='bbox 968 3936 1078 4001; x_wconf 79' lang='lat' dir='ltr'>adflavit,</span> <span class='ocrx_word' id='word_1_367' title='bbox 1099 3931 1169 3988; x_wconf 72' lang='lat' dir='ltr'>osu.</span> <span class='ocrx_word' id='word_1_368' title='bbox 1197 3934 1280 4000; x_wconf 75' lang='lat' dir='ltr'>adfla-</span> 
     </span>
     <span class='ocr_line' id='line_1_41' title="bbox 155 3998 1283 4069; baseline 0.004 -17"><span class='ocrx_word' id='word_1_369' title='bbox 155 3998 262 4063; x_wconf 61' lang='lat' dir='ltr'>vaire</span> <span class='ocrx_word' id='word_1_370' title='bbox 282 4043 312 4051; x_wconf 87' lang='lat'>..</span> <span class='ocrx_word' id='word_1_371' title='bbox 329 4004 475 4065; x_wconf 66' lang='lat' dir='ltr'>posteqad.</span> <span class='ocrx_word' id='word_1_372' title='bbox 495 4003 636 4069; x_wconf 73' lang='lat' dir='ltr'>Omittrr.</span> <span class='ocrx_word' id='word_1_373' title='bbox 656 4047 687 4055; x_wconf 82' lang='grc'><strong>-</strong></span> <span class='ocrx_word' id='word_1_374' title='bbox 710 4005 835 4068; x_wconf 59' lang='lat' dir='ltr'>oderant</span> <span class='ocrx_word' id='word_1_375' title='bbox 853 4003 979 4065; x_wconf 51' lang='lat' dir='ltr'>odorae&amp;</span> <span class='ocrx_word' id='word_1_376' title='bbox 997 4003 1120 4066; x_wconf 66' lang='lat' dir='ltr'>ordered·</span> <span class='ocrx_word' id='word_1_377' title='bbox 1141 4045 1172 4054; x_wconf 92' lang='lat'>..</span> <span class='ocrx_word' id='word_1_378' title='bbox 1194 4002 1283 4068; x_wconf 71' lang='lat' dir='ltr'>Apuli</span> 
     </span>
     <span class='ocr_line' id='line_1_42' title="bbox 155 4067 552 4134; baseline 0.01 -18"><span class='ocrx_word' id='word_1_379' title='bbox 155 4083 238 4129; x_wconf 82' lang='lat' dir='ltr'>merrae,</span> <span class='ocrx_word' id='word_1_380' title='bbox 252 4073 295 4120; x_wconf 89' lang='lat' dir='ltr'>ad.</span> <span class='ocrx_word' id='word_1_381' title='bbox 313 4085 389 4117; x_wconf 82' lang='lat' dir='ltr'>merrae</span> <span class='ocrx_word' id='word_1_382' title='bbox 401 4068 490 4134; x_wconf 81' lang='lat' dir='ltr'>Aprili,</span> <span class='ocrx_word' id='word_1_383' title='bbox 502 4067 552 4134; x_wconf 74' lang='grc' dir='ltr'>βγ.</span> 
     </span>
    </p>

    <p class='ocr_par' dir='ltr' id='par_1_7' title="bbox 155 4136 1279 4272">
     <span class='ocr_line' id='line_1_43' title="bbox 189 4136 1279 4204; baseline 0.002 -17"><span class='ocrx_word' id='word_1_384' title='bbox 189 4139 256 4200; x_wconf 76' lang='lat'>§⁷⁵-</span> <span class='ocrx_word' id='word_1_385' title='bbox 279 4136 388 4200; x_wconf 81' lang='lat' dir='ltr'>Taberer,</span> <span class='ocrx_word' id='word_1_386' title='bbox 401 4140 425 4188; x_wconf 82' lang='lat' dir='ltr'>d.</span> <span class='ocrx_word' id='word_1_387' title='bbox 452 4137 586 4201; x_wconf 65' lang='lat' dir='ltr'>libescere,</span> <span class='ocrx_word' id='word_1_388' title='bbox 599 4157 621 4201; x_wconf 87' lang='lat' dir='ltr'>a,</span> <span class='ocrx_word' id='word_1_389' title='bbox 639 4142 675 4191; x_wconf 88' lang='lat' dir='ltr'>ita</span> <span class='ocrx_word' id='word_1_390' title='bbox 690 4149 720 4190; x_wconf 85' lang='lat' dir='ltr'>ut</span> <span class='ocrx_word' id='word_1_391' title='bbox 735 4141 825 4191; x_wconf 88' lang='lat' dir='ltr'>litteris</span> <span class='ocrx_word' id='word_1_392' title='bbox 842 4155 905 4188; x_wconf 80' lang='lat' dir='ltr'>reare</span> <span class='ocrx_word' id='word_1_393' title='bbox 916 4142 1030 4192; x_wconf 88' lang='lat' dir='ltr'>subiecta</span> <span class='ocrx_word' id='word_1_394' title='bbox 1041 4142 1073 4191; x_wconf 90' lang='lat' dir='ltr'>sit</span> <span class='ocrx_word' id='word_1_395' title='bbox 1083 4140 1181 4190; x_wconf 82' lang='lat' dir='ltr'>lineola</span> <span class='ocrx_word' id='word_1_396' title='bbox 1191 4140 1279 4204; x_wconf 82' lang='lat' dir='ltr'>stipsi</span> 
     </span>
     <span class='ocr_line' id='line_1_44' title="bbox 155 4206 1279 4272; baseline 0.007 -20"><span class='ocrx_word' id='word_1_397' title='bbox 155 4206 213 4254; x_wconf 85' lang='lat' dir='ltr'>roci</span> <span class='ocrx_word' id='word_1_398' title='bbox 226 4208 340 4269; x_wconf 82' lang='lat' dir='ltr'>superius</span> <span class='ocrx_word' id='word_1_399' title='bbox 353 4207 437 4256; x_wconf 86' lang='lat' dir='ltr'>littera</span> <span class='ocrx_word' id='word_1_400' title='bbox 450 4222 462 4253; x_wconf 78' lang='lat' dir='ltr'>s</span> <span class='ocrx_word' id='word_1_401' title='bbox 475 4207 568 4258; x_wconf 85' lang='lat' dir='ltr'>addita.</span> <span class='ocrx_word' id='word_1_402' title='bbox 588 4248 619 4257; x_wconf 77' lang='grc'><strong>-</strong></span> <span class='ocrx_word' id='word_1_403' title='bbox 642 4216 780 4266; x_wconf 70' lang='lat' dir='ltr'>erroneae.</span> <span class='ocrx_word' id='word_1_404' title='bbox 799 4216 885 4269; x_wconf 75' lang='lat' dir='ltr'>comae,</span> <span class='ocrx_word' id='word_1_405' title='bbox 898 4212 922 4259; x_wconf 90' lang='lat' dir='ltr'>d.</span> <span class='ocrx_word' id='word_1_406' title='bbox 941 4250 972 4259; x_wconf 91' lang='grc'>..</span> <span class='ocrx_word' id='word_1_407' title='bbox 996 4216 1026 4269; x_wconf 87' lang='lat' dir='ltr'>et,</span> <span class='ocrx_word' id='word_1_408' title='bbox 1044 4224 1095 4258; x_wconf 91' lang='lat' dir='ltr'>om.</span> <span class='ocrx_word' id='word_1_409' title='bbox 1108 4225 1131 4259; x_wconf 85' lang='lat' dir='ltr'>a.</span> <span class='ocrx_word' id='word_1_410' title='bbox 1151 4249 1182 4258; x_wconf 93' lang='grc'>..</span> <span class='ocrx_word' id='word_1_411' title='bbox 1205 4207 1279 4272; x_wconf 78' lang='lat' dir='ltr'>apina</span> 
     </span>
    </p>
   </div>
   <div class='ocr_carea' id='block_1_4' title="bbox 154 4268 1283 4340">
    <p class='ocr_par' dir='ltr' id='par_1_8' title="bbox 154 4268 1283 4340">
     <span class='ocr_line' id='line_1_45' title="bbox 154 4268 1283 4340; baseline 0.005 -20"><span class='ocrx_word' id='word_1_412' title='bbox 154 4279 197 4333; x_wconf 81' lang='lat' dir='ltr'>est,</span> <span class='ocrx_word' id='word_1_413' title='bbox 209 4289 231 4322; x_wconf 89' lang='lat' dir='ltr'>a.</span> <span class='ocrx_word' id='word_1_414' title='bbox 253 4280 288 4322; x_wconf 80' lang='lat' dir='ltr'>est</span> <span class='ocrx_word' id='word_1_415' title='bbox 298 4275 375 4338; x_wconf 81' lang='lat' dir='ltr'>spina,</span> <span class='ocrx_word' id='word_1_416' title='bbox 388 4268 460 4337; x_wconf 75' lang='grc' dir='ltr'>ᾱβγ.</span> <span class='ocrx_word' id='word_1_417' title='bbox 480 4315 510 4324; x_wconf 81' lang='grc'>-</span> <span class='ocrx_word' id='word_1_418' title='bbox 537 4273 708 4337; x_wconf 75' lang='lat' dir='ltr'>(laceramque,</span> <span class='ocrx_word' id='word_1_419' title='bbox 720 4277 744 4324; x_wconf 87' lang='lat' dir='ltr'>d.</span> <span class='ocrx_word' id='word_1_420' title='bbox 767 4275 924 4339; x_wconf 76' lang='lat' dir='ltr'>Quacumque,</span> <span class='ocrx_word' id='word_1_421' title='bbox 937 4291 959 4328; x_wconf 87' lang='lat' dir='ltr'>a.</span> <span class='ocrx_word' id='word_1_422' title='bbox 969 4326 973 4333; x_wconf 80' lang='grc'><strong>,</strong></span> <span class='ocrx_word' id='word_1_423' title='bbox 982 4274 1099 4326; x_wconf 68' lang='lat' dir='ltr'>adomnia</span> <span class='ocrx_word' id='word_1_424' title='bbox 1111 4291 1283 4340; x_wconf 76' lang='lat' dir='ltr'>qaaecumque..</span> 
     </span>
    </p>
   </div>
   <div class='ocr_carea' id='block_1_5' title="bbox 0 0 1385 4726">
    <p class='ocr_par' dir='ltr' id='par_1_9' title="bbox 0 0 1385 4726">
     <span class='ocr_line' id='line_1_46' title="bbox 0 0 1385 4726; baseline 0 0"><span class='ocrx_word' id='word_1_425' title='bbox 0 0 1385 4726; x_wconf 95' lang='lat' dir='ltr'> </span> 
     </span>
    </p>
   </div>
  </div>
 </body>
</html>
