2754 4726
326 333 932 382 .fflnfflmmmm
1170 321 1268 415 m,

108 484 202 550 Folia
223 483 291 550 eius
313 505 388 551 cum
401 483 583 549 recentibus
606 484 751 570 cupressi
765 494 922 550 contunsa
936 495 972 550 et
981 485 1137 572 inposita,
1160 486 1234 571 ipsa

109 607 235 671 quoque
252 595 336 651 tosta
357 585 390 649 in
402 584 517 671 argilla
539 607 577 649 ac
600 585 672 648 trita
694 607 767 649 cunr
789 584 883 670 adipe
906 585 1027 650 anseris
1048 585 1232 652 volneribus

108 685 264 751 medetur.
287 685 442 751 Necnon
464 685 618 751 ramentis
646 685 773 751 corticis
795 687 930 752 recentis
952 686 1115 773 podagras
1141 689 1233 754 resri-
1250 707 1279 752 ιτ

107 797 199 874 gerat
222 797 254 853 et
276 787 407 852 ardores
430 786 554 872 capitis,
577 786 748 853 infantium
769 809 931 866 maxume,
956 797 987 852 et
1008 787 1094 874 ignis
1117 810 1234 867 sacros,

108 889 159 954 vel
190 889 304 954 iisdem
338 888 534 974 strigmentis
566 888 716 974 inpositis
753 889 803 954 vel
839 888 1024 954 seminibus.
1060 886 1166 955 Sucus
1194 900 1235 956 ex

109 989 306 1076 strigmentis
335 989 446 1062 inlitus
474 1011 547 1054 cum
573 1011 705 1060 rosaceo
742 1000 774 1055 et
803 999 894 1056 aceto
931 988 1071 1056 febrium
1099 990 1234 1057 ardores

107 1090 294 1177 refrigerat3
317 1089 426 1155 aridae
448 1090 529 1155 cinis
543 1091 704 1177 inpositus
726 1091 806 1157 mire
821 1091 977 1157 conbusta
999 1102 1101 1157 sanat.
1126 1089 1233 1178 Chry-

109 1192 221 1278 sippus
236 1191 379 1257 medicus
400 1190 573 1257 damnabat
591 1214 647 1257 eas
667 1193 701 1256 in
718 1190 809 1272 cibis,
834 1192 891 1258 sed
912 1192 1054 1258 omnium
1076 1213 1234 1260 consensu

110 1292 271 1357 stomacho
292 1291 481 1358 utilissimae
502 1292 684 1359 iudicantur
713 1302 745 1358 et
770 1294 1007 1359 interaneorum
1036 1293 1232 1360 vesicarum·

109 1397 171 1477 q'ue
193 1392 491 1458 exulcerationibus.

149 1496 180 1558 9.
202 1493 266 1583 Est
288 1503 321 1558 et
340 1515 420 1579 rapo
442 1494 493 1558 vis
522 1493 658 1560 medica.
693 1492 871 1560 Perniones
898 1494 1028 1561 fervens
1055 1495 1233 1582 inpositum
1249 1513 1278 1556 ra

109 1606 211 1674 sanat,
232 1597 310 1662 item
331 1595 435 1684 frigus
457 1594 549 1681 pellit
562 1599 588 1661 'e
602 1593 750 1680 pedibus.
772 1595 870 1680 Aqua
885 1596 1008 1663 decocti
1023 1597 1093 1663 eius
1106 1598 1232 1662 fervens
1303 1654 1306 1659 .

107 1696 259 1784 podagris
281 1695 377 1761 etiam
399 1696 527 1784 frigidis
547 1696 694 1762 medetur
716 1706 749 1762 et
770 1696 904 1762 crudum
927 1709 1059 1763 tunsum
1079 1721 1152 1765 cum
1167 1697 1232 1762 sale

107 1791 1298 1885 mmmmmfflmfflmmmmmm'

61 1966 68 1977 ,
108 1910 157 1964 tra
181 1899 338 1984 serpentis
361 1908 394 1963 et
415 1899 521 1963 toxica
543 1899 681 1964 salutare
703 1921 773 1965 esse
794 1900 961 1987 proditur,
982 1924 1002 1966 a
1022 1902 1132 1966 multis
1155 1921 1231 1966 vero

106 1999 244 2065 antidoti
265 1997 330 2062 vim
351 1997 469 2064 habere
490 1998 525 2063 in
539 1994 616 2065 uino
638 2009 670 2065 et
690 1999 770 2066 oleo.
792 2000 999 2067 Democritus
1020 2001 1054 2066 in
1077 2012 1179 2067 totum
1194 2023 1232 2067 ea
1247 2017 1277 2060 ro

107 2100 269 2169 abdicavit
295 2099 328 2164 in
351 2099 432 2166 cibis
454 2110 587 2188 propter
613 2100 812 2181 inflationes,
848 2101 982 2170 Diocles
1008 2102 1134 2190 magnis
1160 2102 1229 2168 lau-

107 2201 204 2269 dibus
226 2201 307 2282 tulit,
335 2202 431 2267 etiam
459 2225 612 2270 venerem
634 2202 789 2269 stimulari
816 2202 857 2270 ab
879 2203 920 2269 iis
940 2204 1125 2291 professus3
1152 2205 1229 2270 item

106 2303 297 2389 Dionysius,
319 2304 487 2392 magisque
510 2304 538 2371 si
559 2327 656 2372 eruca
678 2305 899 2383 condirentur3
922 2315 1006 2372 tosta
1025 2328 1154 2392 quoque
1175 2328 1228 2372 ar-

107 2405 277 2471 ticulorum
299 2405 401 2470 dolori
423 2427 496 2472 cum
517 2400 803 2492 adipe‘prodesse.

149 2507 200 2571 10.
223 2503 380 2571 Silvestre
402 2528 516 2592 rapum
529 2505 564 2571 in
585 2506 671 2572 arvis
688 2528 836 2571 maxumo
851 2507 1005 2585 nascitur,
1029 2507 1227 2585 fruticosum,
1241 2520 1274 2566 20

107 2607 228 2673 semine
250 2604 402 2686 candido,
430 2606 529 2693 duplo
551 2605 671 2671 maiore
693 2627 790 2690 quam
810 2608 991 2694 papaveris.
1021 2606 1096 2673 Hoc
1118 2606 1159 2671 ad
1179 2607 1227 2673 le-

106 2707 281 2794 vigandam
303 2717 408 2772 cutem
428 2707 463 2772 in
476 2705 558 2776 facie
581 2716 710 2792 totoque
731 2729 865 2795 corpora
886 2718 1031 2787 utuntur,
1054 2708 1156 2773 mixta
1176 2708 1226 2773 fa·

105 2809 176 2875 rina
197 2808 268 2894 pari
286 2830 436 2874 mensura
457 2808 536 2887 ervi,
563 2807 675 2875 hordei
697 2818 730 2874 et
750 2809 849 2875 tritici
871 2818 903 2877 et
923 2809 1027 2897 lupini
1033 2834 1042 2886 3
1070 2808 1164 2875 radix
1185 2807 1228 2874 ad

106 2911 213 2976 omnia
233 2909 365 2975 inutilis.

140 3085 155 3146 §
169 3087 208 3133 17.
235 3098 321 3146 recens,
336 3075 436 3134 Orat.
455 3084 512 3136 Om.
524 3083 621 3149 Appul.
643 3082 755 3135 Restatis
765 3098 825 3134 cnm
836 3084 869 3134 sit
880 3097 964 3134 accus
977 3085 1043 3148 plur.
1056 3083 1184 3147 pertinens
1194 3085 1226 3134 sd

104 3148 235 3214 pcdapras,
246 3152 313 3200 Plin.
326 3151 412 3202 Valet.
426 3158 451 3214 4,
463 3151 598 3207 d.,ccrticis
609 3151 694 3201 uirides
705 3152 805 3216 scripsit
815 3166 863 3215 pro
875 3152 993 3214 genetivo
1005 3151 1109 3202 habens.
1132 3191 1164 3201 -
1185 3165 1224 3198 aa·

107 3216 189 3266 lisdcm
205 3217 351 3277 stricmeatis,
366 3217 464 3283 Appnl.
491 3217 549 3269 vetis
565 3217 606 3268 da
634 3218 745 3282 ‘mantia
762 3220 786 3269 d.
814 3216 851 3268 vel
865 3216 1093 3283 tardamqacnta,
1110 3218 1141 3271 Τ.
1168 3216 1225 3267 velis

106 3283 279 3349 deotrinpcatis,
291 3302 314 3336 a.
333 3284 362 3335 da
372 3285 516 3351 atripmeatia
527 3284 565 3335 vel
575 3285 619 3347 tis,
655 3299 680 3350 γ.

140 3351 208 3411 §la
235 3353 371 3415 Pernioaes,
388 3356 413 3404 d.
439 3352 578 3416 Prem'oaer,
593 3353 691 3418 Appul.
717 3350 852 3414 Pulmoncs,
870 3368 894 3405 a.
919 3353 1061 3417 Exscripsit
1077 3354 1142 3404 hacc
1156 3354 1223 3405 Plin.

106 3420 192 3470 Valer.
205 3428 229 3481 4,
242 3427 296 3483 34.;
317 3424 373 3471 add.
385 3422 504 3472 Dioscor.
517 3428 541 3482 a,
556 3427 612 3472 134.
631 3461 663 3471 -
683 3419 794 3483 serviens,
806 3423 852 3471 ad.
871 3461 902 3470 ..
925 3419 1000 3485 Aqua
1010 3418 1100 3471 decocti
1110 3421 1160 3471 circs
1167 3422 1223 3485 ser·

105 3503 168 3549 vens,
181 3488 255 3538 Tad.
273 3505 339 3552 aqua
351 3487 474 3538 dccoctnm.
486 3487 522 3537 Et
533 3486 576 3550 ius,
586 3483 616 3549 β.
634 3529 666 3538 ..
683 3485 843 3546 condendam
855 3486 947 3551 babere,
959 3491 1003 3539 ad.

139 3556 154 3618 §
169 3560 208 3604 19.
235 3571 264 3604 ca
276 3554 396 3604 abdicavit
406 3555 431 3605 ia
442 3555 509 3617 ciba,
521 3570 538 3605 a
549 3553 635 3618 (codd.
647 3553 719 3617 Gal.)
736 3553 859 3604 abdicavit
869 3571 899 3604 ec
910 3572 928 3604 a
938 3556 1002 3618 abab,
1011 3555 1043 3606 T.
1061 3555 1182 3605 abdicavit
1192 3557 1224 3605 ab

105 3622 247 3684 endiriad.
261 3664 292 3672 -
311 3621 402 3684 extulit,
413 3640 433 3673 r.
448 3664 477 3673 ..
497 3621 541 3684 hd,
553 3624 599 3684 ad,
611 3626 738 3674 undenos
749 3622 945 3688 descripsimus.
963 3623 1005 3683 eis,
1018 3625 1093 3673 codd.
1105 3618 1222 3686 Getssr.

106 3730 138 3738 -
156 3689 277 3754 mapisqae
288 3690 318 3752 si,
330 3707 345 3741 a
357 3688 480 3755 (Appul.)
498 3689 576 3754 magis
584 3689 664 3754 cnud,
676 3692 701 3740 d.
723 3705 857 3754 nosquam
869 3691 898 3752 si,
910 3692 942 3741 Τ.
963 3732 993 3741 ..
1016 3688 1173 3750 condircmur,
1185 3693 1223 3741 ad

104 3755 193 3819 (codd.
207 3755 277 3820 Get.)
294 3756 426 3819 condiatur,
437 3756 535 3822 Appnl.
552 3798 583 3807 ..
608 3765 682 3820 ιοετο,
697 3751 786 3809 Oadr.
804 3765 878 3820 cocus,
889 3758 922 3808 K.
943 3754 1022 3819 Costa,
1032 3753 1063 3819 β,
1082 3800 1113 3809 ..
1136 3756 1223 3818 dolore,

105 3839 128 3874 a.
147 3865 179 3873 ..
194 3824 469 3888 protoasecretis.
484 3823 590 3889 prodest,
605 3816 703 3876 eran.

139 3890 207 3952 §2st
232 3909 349 3956 papaver,
367 3893 410 3943 ad.
436 3894 478 3944 De
494 3893 796 3955 rsV.Di0ssor.2,135.
823 3934 855 3944 ..
883 3890 1057 3958 iwripacdcm,
1073 3895 1146 3944 codd.
1165 3892 1221 3944 Gel.

105 3957 279 4024 laevipcndam,
295 3954 324 4010 θ.
347 3959 506 4024 albicantium,
518 3962 569 4012 τη.
591 3959 858 4023 dcclbuadcm,Dalec.
876 3995 913 4020 ,-
929 3960 1029 4024 farina,
1041 3961 1120 4011 Hard.
1142 3960 1222 4021 amna,

104 4023 174 4087 adss.
193 4068 224 4078 ..
239 4027 301 4092 pari
312 4044 428 4090 mensura,
440 4031 465 4080 d.
484 4027 545 4093 pari
554 4030 587 4077 nd
597 4045 680 4093 supra,
692 4045 715 4079 a.
735 4069 766 4079 ..
789 4027 863 4090 tati,
876 4031 900 4080 d.
918 4027 979 4090 bavi,
991 4045 1014 4079 a.
1033 4028 1151 4079 Ceterum
1163 4030 1189 4077 in
1200 4024 1222 4090 β

104 4104 163 4158 post
174 4111 197 4146 v.
211 4111 321 4144 mersura
332 4097 407 4159 plene
418 4097 612 4162 interpungitur,
628 4097 665 4146 ita
679 4104 708 4147 ut
724 4097 835 4159 genetivi
852 4095 940 4146 ervi..
948 4094 1024 4160 lupini
1033 4098 1160 4159 pendeant
1171 4112 1186 4145 a
1198 4112 1221 4144 v.

104 4160 188 4226 radim
205 4164 271 4214 hanc
283 4164 513 4227 interpunctionem
524 4165 633 4214 correxit
643 4164 723 4220 Hard.
735 4179 768 4214 ex
779 4165 942 4214 Dioscorida:
962 4161 1087 4226 μίγνυται
1106 4159 1138 4212 δὲ
1155 4159 1219 4226 σμή-

103 4244 185 4293 ynam
197 4228 342 4296 προσώπου
353 4225 398 4279 καὶ
411 4229 460 4281 τοῦ
472 4225 556 4280 ἄλλου
563 4226 683 4297 χρωτός,
696 4226 748 4279 ὅσα
760 4220 793 4279 δι’
805 4226 928 4298 ἀλεύρων
940 4227 1042 4294 γίνεται
1054 4226 1190 4296 θερμίνων
1203 4229 1220 4294 ἢ

103 4294 221 4360 πυρίνων
234 4297 250 4364 ἢ
263 4294 407 4366 ὀροβίνων.
428 4339 459 4350 ..
479 4305 501 4347 et
512 4297 593 4361 tritici,
604 4301 649 4351 ad.
667 4297 747 4360 tritici,
758 4293 809 4363 βγ.
