2754 4726
383 309 452 356 ern.
468 311 569 358 xvru.
599 309 678 358 aar.
695 313 742 360 ιι.
773 314 870 363 sncr.
886 316 969 361 tum
1175 304 1236 369 loc

156 458 207 523 28.
229 456 375 525 Pistores
397 457 519 525 Romae
540 485 606 528 non
629 463 720 530 fuere
741 463 784 528 ad
805 463 971 533 Persicum
993 490 1095 554 usque
1118 469 1235 535 bellum
1252 488 1297 534 ror

112 560 205 624 annis
232 557 274 623 ab
303 558 385 624 urbe
413 561 543 626 condita
570 585 668 649 super
688 586 813 629 nuxxx.
848 565 917 651 lpsi
938 590 1055 653 panem
1076 570 1237 637 iaciebant

114 660 277 743 Quirites,
310 661 543 747 mulierumque
575 665 610 729 id
641 686 725 752 opus
751 676 820 731 erat
853 668 938 733 sicut
964 669 1060 735 stiam
1087 696 1173 739 nunc
1201 674 1236 740 in

111 762 269 848 plurumis
283 763 437 849 gentium.
460 764 633 850 Artoptam
645 766 781 833 Plautus
795 768 938 854 appellat
956 770 989 835 in
1009 770 1120 839 fabula
1139 797 1236 859 quam

111 863 299 929 aululariam
321 864 499 951 inscripsit,
521 889 640 952 magna
661 868 703 934 ob
724 868 759 933 id
779 870 1017 937 concertatione
1038 874 1235 941 eruditorum

111 988 153 1031 an
174 965 203 1030 is
224 986 337 1030 versus
358 978 474 1052 poetae
498 967 540 1032 sit
566 968 667 1045 illius;
696 980 883 1054 certumque
912 972 949 1036 fit
970 972 1046 1040 Atei
1070 971 1237 1062 Capitonis
1252 992 1298 1037 ios

111 1068 269 1133 sententia
301 1089 395 1133 cocos
425 1077 492 1132 tum
521 1092 638 1156 panem
665 1071 856 1137 lautioribus
883 1094 1021 1157 coquere
1047 1075 1158 1142 solitos
1184 1077 1236 1162 pi·

112 1179 276 1252 storeaque
298 1178 421 1233 tantum
443 1173 575 1254 eosqui
597 1171 648 1235 iar
669 1172 818 1257 pisebant
839 1174 1034 1253 nominatam
1061 1190 1122 1243 nec
1144 1198 1237 1243 cocos

111 1291 189 1335 vero
215 1268 378 1333 habebant
405 1270 439 1334 in
469 1271 608 1336 servitiis
636 1293 754 1356 eosque
781 1295 823 1339 ex
848 1276 982 1342 macello
1004 1277 1236 1343 conducebant

113 1367 301 1435 cribrorum
316 1392 436 1456 genera
452 1369 540 1437 Galli
563 1394 581 1436 e
603 1374 701 1438 saetis
723 1396 877 1460 equorum
899 1376 1069 1457 invenero,
1091 1377 1236 1465 Hispani

112 1471 217 1537 elino
244 1472 433 1538 excussoria
462 1483 495 1537 et
522 1473 707 1559 pollinaria,
739 1476 914 1564 Aegyptus
943 1500 961 1544 s
988 1501 1112 1565 papyro
1138 1490 1235 1564 atque

112 1593 215 1637 runco.

154 1673 203 1738 29.
227 1670 296 1738 Sed
315 1675 400 1739 inter
418 1675 522 1760 prima
540 1675 667 1742 dicatur
685 1688 719 1742 et
732 1678 833 1745 alicae
846 1680 927 1746 ratio
943 1681 1235 1766 praestantissime
1252 1698 1299 1741 mo

112 1774 416 1859 saluberrimusque,
440 1797 522 1859 quae
542 1778 650 1863 palma
668 1778 799 1866 frugum
824 1780 1005 1846 indubitata
1024 1781 1136 1847 ltaliae
1157 1805 1235 1849 con-

113 1875 192 1964 tigit.
214 1875 272 1941 Fit
285 1876 354 1942 sine
369 1876 467 1942 dubio
487 1888 519 1941 et
533 1877 568 1940 in
581 1877 756 1963 Aegypto,
778 1881 836 1944 sed
849 1881 1023 1946 admodum
1039 1884 1235 1967 spernenda3

113 1977 146 2041 iu
157 1977 253 2043 Italia
273 1999 350 2043 veru
367 1976 515 2063 pluribus
534 1977 624 2055 locis,
648 1979 733 2042 sieut
748 1978 928 2045 Veronensi
941 1981 1126 2065 Pisanoque
1144 2004 1235 2067 agro,

115 2077 147 2141 iu
160 2076 340 2165 Campania
356 2091 462 2143 umen
479 2079 709 2144 laudatissima.
733 2078 878 2166 Campus
897 2092 948 2146 est
961 2081 1129 2147 subiacens
1144 2104 1234 2148 mon-

115 2178 198 2245 tibus
218 2178 392 2258 nimbosis,
420 2180 496 2246 totis
517 2180 647 2265 quidem
667 2203 711 2245 xe
731 2205 757 2244 u
784 2204 939 2268 passuum
958 2183 1100 2269 planitie.
1134 2182 1298 2249 Terrena

116 2281 196 2360 eius,
225 2291 264 2345 ut
283 2280 432 2366 protinus
455 2282 513 2346 soli
534 2292 650 2347 natura
672 2282 813 2360 dicatur,
840 2284 992 2369 pulverea
1014 2307 1154 2363 summa,
1183 2284 1234 2349 in-

115 2379 206 2449 ferior
223 2381 336 2449 bibula
355 2393 388 2448 at
407 2382 544 2469 pumicis
559 2383 629 2449 vice
643 2383 790 2448 fistulans
804 2406 942 2468 quoque.
965 2383 1124 2451 Montium
1141 2386 1235 2471 culpa

29 2482 42 2497 '
117 2480 286 2549 iubenum
306 2483 411 2561 cedit3
447 2483 575 2549 crebros
601 2483 687 2548 enim
712 2484 824 2549 imbris
846 2484 990 2570 percolat
1010 2495 1108 2569 atque
1129 2496 1234 2550 trans-

118 2583 208 2650 mittit
227 2607 290 2650 nec
311 2584 389 2650 dilui
411 2595 467 2651 aut
488 2585 617 2650 madere
639 2584 740 2649 voluit
760 2595 891 2668 propter
918 2585 1107 2651 felicitatem
1128 2585 1233 2650 cultu·

146 2789 230 2850 5107.
248 2791 331 2854 jaare,
344 2785 444 2843 Orsa.
463 2787 614 2856 sueruntss.
635 2829 666 2837 -
688 2794 749 2847 erat,
761 2803 784 2837 a.
811 2787 985 2849 mariaeerat,
1000 2780 1079 2839 OTd.
1103 2828 1133 2837 ..
1160 2786 1233 2837 Arta-

118 2862 185 2919 ptaar,
196 2860 283 2909 Plaut.
291 2861 370 2909 aulul.
382 2860 417 2908 11.
427 2866 451 2921 9,
461 2866 484 2909 4.
503 2856 676 2922 Arteptaeiam,
687 2849 778 2904 dTad
790 2852 876 2917 (codd.
888 2856 975 2907 Ursini
987 2857 1020 2905 ad
1030 2855 1114 2906 Ciace
1126 2857 1158 2904 ds
1169 2855 1233 2903 tricl.

119 2937 141 2985 p.
152 2922 221 2988 1⁰0.)
235 2967 266 2975 -
284 2924 441 2987 aaralariam,
454 2942 476 2976 a
490 2967 521 2976 ..
540 2921 666 2985 cacapite,
678 2923 752 2972 codd.
764 2922 863 2984 Ursini3
875 2932 953 2986 atque
962 2924 999 2972 ita
1007 2923 1116 2971 coniecit
1126 2920 1233 2972 Bitschl.

119 3005 208 3056 parorg.
221 2994 306 3043 Plaut.
321 2998 344 3054 l,
354 2999 411 3044 371.
428 2993 529 3057 scripsit,
541 2985 632 3053 adssr.
645 3032 676 3039 -
696 2988 873 3050 maceratione,
887 2993 910 3040 d.
929 3006 981 3037 cam
993 2989 1127 3049 caratauc,
1140 2984 1190 3038 Oa
1202 3010 1232 3037 ·.

118 3059 188 3123 aina,
199 3077 247 3125 pro
258 3061 300 3110 bis
311 3076 351 3110 vr.
364 3057 522 3111 babetaaais
533 3073 557 3115 a,
575 3057 651 3106 anicia
661 3060 685 3106 d.
706 3099 737 3106 -
752 3064 832 3119 poeta,
845 3072 868 3105 a.
893 3097 917 3104 ..
939 3055 1052 3115 illucessit,
1065 3058 1088 3105 d.

147 3129 231 3191 5108.
258 3127 323 3187 Atei,
334 3144 356 3177 a.
374 3124 447 3181 Ateii,
459 3127 504 3189 dr.
522 3122 554 3173 A.
566 3122 640 3185 Ateii,
651 3119 680 3185 β.
701 3165 732 3172 -
750 3139 835 3185 coquos
848 3131 903 3183 tam,
915 3123 994 3173 Turn.
1006 3125 1063 3172 adv.
1076 3128 1118 3182 28,
1130 3128 1170 3172 ta.
1195 3139 1233 3171 eo-

117 3200 180 3255 rtiau,
195 3188 277 3245 θΤᾱ.
296 3202 387 3255 astam,
400 3187 447 3251 κβ.
467 3192 628 3251 restaurari.
641 3194 734 3253 prol.
749 3230 779 3237 -
798 3189 982 3253 peccatoresque,
995 3192 1030 3240 ι’.
1045 3231 1076 3239 -
1086 3189 1144 3253 sar,
1156 3206 1207 3240 am.
1215 3205 1234 3257 γ

117 3260 173 3311 vitio
184 3276 327 3327 operarum.
349 3300 380 3309 ..
403 3257 540 3321 pinsebant,
551 3253 580 3317 β.
605 3297 636 3305 ..
663 3272 736 3318 caece,
749 3272 772 3305 a.
798 3274 884 3318 caecae,
897 3257 921 3307 d.
945 3299 977 3307 ..
1007 3253 1137 3319 Urinam,
1154 3273 1177 3307 a.
1202 3298 1233 3308 .-

96 3330 104 3339 “
120 3325 207 3378 Gallie
217 3329 281 3387 retis,
293 3330 309 3379 d
322 3325 406 3389 (codd.
420 3323 492 3387 Gel.)
513 3322 610 3375 Galliae
618 3323 682 3385 setis,
695 3317 723 3372 θ.
745 3322 826 3386 Gallie
837 3324 917 3385 scatia,
927 3340 950 3375 a.
964 3365 996 3374 ..
1014 3324 1123 3388 Hispani
1129 3343 1150 3386 e,
1160 3327 1233 3376 codd.

116 3394 171 3447 Gal.
187 3393 310 3459 Hispania
321 3392 377 3453 lino,
388 3407 411 3441 a.
429 3391 565 3456 Hispaniae
577 3389 632 3453 bno,
647 3383 676 3440 θ.
694 3389 731 3440 dii
740 3389 871 3455 Hsmaaie
884 3390 938 3452 liae,
951 3394 981 3442 T.
1000 3390 1037 3440 dii
1043 3390 1134 3456 rapacia
1144 3392 1199 3452 linc,
1209 3395 1233 3442 d.

117 3501 146 3511 -
163 3470 193 3523 et,
205 3479 256 3512 om.
268 3461 358 3510 Delec.
377 3499 407 3510 ..
427 3457 578 3523 apollinario,
590 3475 613 3509 a.
631 3457 786 3523 apollinario,
799 3462 823 3509 d.
843 3500 873 3508 -
892 3475 911 3520 e,
924 3460 1005 3509 omitt
1018 3461 1064 3510 ad.

147 3526 231 3588 ilos.
258 3527 320 3576 inter
331 3524 389 3575 daea
397 3526 487 3589 prima,
499 3527 587 3577 Dulce.
606 3568 637 3577 ..
653 3526 865 3591 praestantissime,
877 3527 929 3576 Ta.
949 3567 980 3575 -
1002 3525 1234 3588 saluberrimumque,

114 3611 138 3644 a
154 3592 320 3655 salamae,
332 3594 384 3643 Td.
404 3634 435 3642 ..
454 3608 522 3656 qaae,
538 3586 587 3644 dd.
605 3609 658 3656 qae,
670 3596 701 3644 Τ.
721 3594 779 3644 Orn.
791 3610 814 3643 a
833 3634 864 3643 ..
880 3592 974 3656 palma,
987 3586 1068 3642 θΤᾱ.
1083 3591 1199 3656 palariam,
1212 3608 1234 3642 a

112 3660 215 3724 palaeae,
226 3662 260 3713 K.
280 3702 311 3711 ..
330 3657 474 3720 indubitata,
489 3653 589 3710 Orac.
607 3658 772 3722 indubitanter,
784 3656 840 3720 Κβ.
859 3701 890 3709 -
909 3658 1005 3719 Italiae,
1015 3660 1047 3709 K.
1065 3656 1149 3719 Italia,
1163 3651 1234 3709 θεά.

115 3726 223 3791 Italiam,
234 3724 287 3793 βγ.
307 3768 338 3777 ..
357 3726 461 3791 οονιὶίρᾱ,
477 3720 534 3778 θΚ.
552 3726 673 3792 matiayit,
686 3723 779 3792 adssr.
799 3768 830 3776 -
849 3726 1035 3786 laudaturam,
1047 3741 1071 3775 a.
1095 3766 1118 3773 -
1146 3727 1235 3774 aimbo-

102 3794 151 3843 ¹sia
165 3794 258 3859 quidem
276 3793 338 3856 totis,
356 3795 424 3845 Pint.
448 3835 479 3843 -
503 3810 617 3859 pascuam
634 3810 685 3845 om.
701 3810 725 3856 a,
742 3796 791 3845 nisi
806 3796 869 3844 latet
880 3795 907 3844 in
918 3795 1001 3858 prima
1012 3794 1097 3843 littera
1108 3795 1235 3857 sequentis

737 3863 775 3910 pta

114 3929 191 3979 vocis.
211 3970 241 3978 -
258 3927 365 3992 planitia
376 3936 417 3989 eat,
429 3932 453 3978 d.
469 3927 582 3992 planitia.
594 3926 650 3989 Est,
662 3930 693 3978 Τ.
712 3926 841 3991 pretinitie,
853 3944 875 3977 a.
898 3928 984 3978 Locus
996 3935 1083 3991 aparte
1094 3936 1236 3991 corruptus,

114 3996 158 4057 qn·
171 4010 204 4045 ax
214 3997 321 4059 vulgata
331 3997 455 4059 scriptura
466 4003 553 4060 aptam
564 3996 764 4059 explicationem
774 4009 828 4045 non
840 3997 957 4046 admittit.

150 4064 234 4124 5110.
265 4061 357 4114 Gratia
373 4070 449 4111 terrae
465 4061 521 4123 aias,
537 4065 571 4114 K.
602 4063 679 4112 Terra
694 4061 745 4111 aaa
758 4061 904 4126 pmaiamae,
920 4063 1000 4112 Turn.
1017 4063 1073 4111 adv.
1086 4065 1127 4121 28,
1140 4066 1181 4111 42.
1204 4102 1235 4112 .-

105 4126 236 4193 fiatulaur3
254 4132 322 4180 hauc
339 4144 388 4193 ego
405 4132 553 4194 scripturam
564 4144 597 4181 ex
607 4126 629 4192 β
640 4131 764 4180 revocari.
782 4128 891 4192 fistulas,
902 4130 979 4179 Dad.
997 4123 1121 4191 fistulosa,
1132 4128 1211 4178 Hard.
1223 4144 1237 4177 e

105 4198 190 4327 pori}
202 4195 242 4261 (i)
254 4211 280 4261 γ.
299 4236 331 4326 ᾗ.
351 4212 442 4260 qaoque
453 4195 572 4260 manuam,
585 4199 660 4248 Tad.
678 4196 788 4246 mantiam
800 4211 898 4260 quaque,
909 4190 961 4259 βγ.
981 4234 1011 4243 -
1023 4192 1174 4257 selieitatear,
1188 4188 1237 4244 Oa.

128 4263 167 4312 ae'
180 4263 293 4323 'tatem,d
326 4278 352 4329 r.
