2754 4726
165 290 231 355 386
519 305 724 352 utrumme
743 305 939 354 msuomsr

168 413 384 522 uus'meuee
419 454 527 520 utum
557 456 592 519 n
620 456 728 533 urna,
760 456 878 522 cunm
906 455 1176 534 sancum,
1210 456 1345 523 item·

168 578 305 621 muscae

211 659 263 722 72.
284 655 331 720 Et
346 679 482 722 anesum
495 656 667 722 advorsum
681 656 866 741 scorpiones
886 679 928 722 ex
948 657 1024 722 vino
1043 656 1196 738 habetur,
1219 657 1291 744 Py-
1306 673 1350 719 rer

169 758 323 844 thagorae
343 758 431 823 inter
450 780 555 843 pauca
574 756 741 821 laudatum
762 757 833 822 sive
856 756 993 821 crudum
1012 756 1081 822 sire
1100 756 1290 837 decoetum3

168 861 246 925 item
267 858 371 924 viride
391 858 558 924 aridumve
578 856 728 923 omnihus
754 879 838 940 quae
856 857 1050 921 condiuntur
1066 879 1218 943 quaeque
1237 859 1290 924 in·

169 962 338 1049 tinguntur
359 958 586 1034 desideratum,
607 959 702 1042 panis
722 956 820 1022 etiam
840 957 959 1022 crustis
978 956 1186 1023 inferioribus
1209 959 1290 1025 sub-

169 1063 282 1128 ditum.
325 1057 437 1124 Saecis
468 1080 596 1143 quoque
622 1056 768 1122 additum
798 1079 874 1121 cum
899 1056 1017 1122 maris
1042 1057 1182 1125 nucibus
1213 1060 1290 1126 vine

168 1160 376 1233 conmendat3
402 1158 482 1242 quin
503 1158 610 1242 ipsum
630 1158 697 1222 oris
716 1155 852 1221 halitum
871 1156 1093 1222 iucundiorem
1119 1158 1200 1224 iacit
1219 1161 1288 1226 fse-
1304 1173 1366 1220 isex

168 1275 333 1345 toremque
355 1259 438 1322 tollit
458 1258 686 1323 manducatum
707 1258 872 1322 metutinis
892 1280 967 1322 cum
987 1258 1133 1342 nyrnio
1146 1270 1181 1324 et
1192 1260 1289 1327 melle

167 1362 302 1449 exiguo,
329 1379 406 1423 mox
430 1356 505 1422 vino
531 1359 704 1422 conlntum.
740 1356 874 1423 Voltnm
904 1357 1102 1423 iuveniorem
1127 1370 1288 1444 praestat3

167 1461 327 1527 insomnia
344 1458 431 1524 levat
444 1480 637 1544 suspensum
649 1457 683 1522 in
697 1457 829 1541 pulvino
839 1468 877 1522 ut
889 1456 1086 1524 dormientes
1099 1459 1287 1537 olefaciant3

69 1563 72 1567 ’
168 1560 385 1649 adpetentiam
410 1557 556 1623 ciborum
580 1568 738 1642 praestat,
767 1557 896 1641 qnando
923 1559 959 1623 id
982 1580 1108 1642 quoque
1128 1560 1215 1626 inter
1236 1585 1288 1626 ar-

168 1661 266 1726 tificia
287 1658 421 1724 deliciae
441 1660 557 1737 fecere,
579 1679 621 1722 ex
639 1679 705 1740 quo
725 1656 818 1722 labor
838 1657 934 1722 desiit
956 1658 1045 1725 cibos
1062 1681 1209 1744 poscere
1233 1659 1288 1728 Ob

131 1782 133 1787 ·
167 1761 228 1825 has
249 1781 363 1835 causes
384 1757 515 1840 quidam
536 1758 696 1822 anicetum
717 1757 752 1823 id
772 1779 939 1824 vocavere.

211 1861 263 1925 73.
289 1858 565 1923 Laudatissimum
586 1869 637 1923 est
659 1856 839 1937 Creticum,
860 1881 1053 1944 proxumum
1074 1858 1288 1948 Aegyptium
1301 1871 1343 1921 tet

169 1959 244 2026 Hoc
264 1959 410 2047 ligustici
431 1959 534 2025 vicem
555 1969 696 2044 praestat
716 1960 750 2023 in
772 1959 997 2036 condimentis,
1026 1959 1152 2026 dolores
1173 1961 1289 2047 eapitis

168 2061 256 2128 levat
276 2061 419 2126 suffitum
439 2060 582 2126 naribus.
612 2059 789 2145 Epiphoris
809 2060 976 2126 oculorum
995 2059 1129 2125 Euenor
1149 2060 1289 2127 radicem

169 2162 241 2226 eius
266 2171 393 2249 timeam
421 2160 560 2244 inponit,
589 2157 688 2224 Iollas
708 2159 817 2246 ipsum
837 2183 911 2225 cum
932 2182 1027 2226 croco
1046 2160 1118 2247 pari
1138 2162 1236 2228 modo
1256 2172 1289 2228 et

170 2259 246 2323 vino
267 2271 301 2323 et
321 2281 380 2344 per
402 2280 437 2323 sc
458 2258 568 2323 tritum
590 2281 665 2324 eum
685 2259 814 2344 polenhe
833 2262 876 2324 ad
895 2283 1031 2349 magnas
1043 2260 1213 2328 fluctiones
1231 2284 1289 2329 ex·

172 2357 403 2442 trahendisque
434 2357 462 2423 si
488 2381 553 2442 qua
586 2359 621 2422 in
649 2359 759 2425 oculos
788 2361 974 2440 inciderint3
1010 2362 1136 2426 narium
1161 2384 1290 2450 quoque

172 2459 358 2526 carcinodes
390 2459 548 2525 consumit
574 2459 701 2525 inlitum
727 2483 768 2525 ex
793 2483 888 2545 aqua.
923 2459 1026 2528 Sedet
1051 2461 1190 2550 anginas
1216 2473 1342 2529 cnm1⁸⁸

172 2561 297 2647 hysopo
318 2583 357 2626 oc
377 2560 470 2627 melle
492 2583 534 2626 ex
555 2571 645 2626 aceto
671 2563 924 2649 gargarizatum,
952 2562 1085 2629 auribus
1110 2563 1290 2630 infunditur

173 2681 247 2724 cum
274 2682 421 2739 rosaceo,
456 2661 593 2727 thoracis
620 2662 755 2746 pituitas
783 2675 903 2750 purgat
930 2674 1064 2740 tostum,
1097 2685 1172 2728 cum
1198 2663 1289 2728 melle

174 2771 337 2846 sumptum
358 2761 481 2826 melius.
516 2758 600 2826 Cum
615 2762 782 2828 acetabulo
796 2764 885 2827 anesi
906 2786 1005 2829 nuces
1026 2786 1151 2829 amaras
1172 2787 1191 2827 u
1212 2786 1289 2849 pur·

173 2872 265 2946 gatae
287 2870 354 2926 tere
374 2862 409 2926 in
430 2862 523 2926 melle
545 2862 587 2926 ad
609 2863 738 2937 tussim3
759 2862 908 2929 facillime
926 2887 1004 2930 vero
1019 2865 1107 2929 anesi
1122 2863 1290 2929 drachmae

175 2972 254 3039 tres,
276 2962 447 3046 papaveris
466 2962 549 3027 duae
568 2963 744 3027 miscentur
761 2962 853 3027 melle
874 2964 916 3028 ad
930 2963 1024 3030 fabae
1037 2964 1291 3050 magnitudinem

174 3074 206 3128 et
227 3074 335 3129 ternae
355 3063 468 3129 diebus
490 3073 667 3128 sumuntur.
690 3061 904 3148 Praecipuum
924 3075 1028 3129 autem
1045 3076 1093 3131 est
1108 3065 1342 3143 adructus31⁸⁹

173 3163 246 3228 ideo
265 3163 481 3229 inflationibus
502 3163 654 3229 stomachi
670 3172 702 3228 et
715 3162 938 3229 intestinorum
953 3164 1141 3231 torminibus
1164 3177 1196 3230 et
1217 3188 1289 3232 coe-

208 3367 223 3428 §
237 3372 293 3416 185.
320 3382 422 3426 anesum,
435 3367 481 3415 cd.
504 3366 606 3426 anuum,
616 3363 645 3427 β.
666 3368 708 3416 De
719 3369 775 3430 ipsa
785 3370 873 3432 planta
883 3386 907 3420 v.
919 3370 1036 3422 Dioscor.
1048 3377 1073 3432 8,
1087 3377 1128 3422 58.
1151 3412 1182 3422 ..
1206 3369 1291 3421 adver·

174 3447 233 3491 sum,
246 3447 269 3480 a.
287 3430 407 3493 adversar,
420 3429 491 3495 ἀβγ.
509 3473 541 3481 -
559 3429 664 3493 habetor,
676 3435 720 3482 ad.
738 3435 833 3496 bibitur,
844 3433 895 3502 βγ.
913 3479 944 3487 ..
962 3446 1058 3498 coetum,
1070 3438 1123 3488 Τὰ.
1135 3480 1167 3489 ..
1187 3453 1292 3502 qunque

174 3497 322 3559 condiuntur,
333 3498 365 3549 Τ.
384 3540 415 3548 ..
434 3499 561 3562 onqontn,
573 3501 626 3550 Τὰ.
643 3540 674 3548 -
688 3515 773 3562 panes,
785 3504 809 3552 d.
821 3544 853 3553 ..
872 3505 964 3566 musto,
976 3520 999 3554 a.
1017 3504 1108 3566 nctci,
1121 3507 1145 3555 d.
1157 3547 1190 3556 ..
1209 3505 1291 3571 sacis,

175 3570 199 3618 d.
217 3607 248 3616 ,
267 3564 375 3613 additum
387 3581 445 3623 cum,
457 3566 489 3615 Τ.
507 3564 618 3615 additur:
634 3582 693 3626 cum,
705 3562 775 3631 asty.

209 3632 293 3692 §186.
311 3631 443 3692 collutill„
462 3673 493 3681 ..
514 3633 662 3694 iuveniorern,
674 3636 726 3685 Τὰ.
749 3635 868 3698 iuniorem
881 3634 950 3702 αβγ.
969 3678 1000 3688 ...
1024 3637 1132 3688 locontur
1139 3655 1247 3702 ραιειωι,
1258 3639 1292 3700 Y,

176 3702 218 3765 qui
230 3703 312 3750 codex
324 3702 356 3750 ab
368 3700 408 3749 his
419 3700 501 3750 verbis
511 3700 611 3750 initium
623 3703 695 3765 capit
714 3742 745 3752 ..
773 3703 806 3764 in,
822 3705 855 3752 V.
882 3711 915 3765 ut,
931 3705 976 3755 ad.
999 3745 1031 3756 ..
1058 3704 1291 3770 olcsaciantv'l'd.

175 3766 298 3830 olfaciant,
310 3762 380 3830 asty.
399 3807 430 3816 ..
448 3765 517 3827 duait,
530 3768 564 3817 V.

208 3836 223 3898 §
237 3837 293 3884 187.
316 3833 409 3897 capitia
421 3850 471 3884 om.
483 3834 517 3884 V.
536 3876 567 3884 -
585 3833 688 3895 Evenor,
704 3837 772 3887 Pint.
785 3844 811 3887 et
823 3837 950 3902 Gronov.;
974 3842 1106 3891 confirmat
1116 3856 1136 3891 r.
1158 3839 1292 3903 Emeum,

175 3898 299 3964 V'po.
322 3899 438 3962 Eveneor,
448 3917 475 3965 p.
498 3900 627 3964 Eveneror,
639 3905 682 3953 ed.
705 3902 834 3964 Eueceros,
849 3897 878 3954 θ.
901 3913 924 3953 et
935 3923 1031 3969 veneno,
1042 3908 1094 3958 V².
1117 3908 1205 3970 eviao,
1218 3911 1292 3972 codd.

176 3967 232 4021 Gel.
244 3963 273 4028 β,
292 4009 322 4018 -
346 3966 423 4029 tollor,
436 3971 460 4017 d.
480 4009 510 4018 ..
530 3986 611 4033 perse
623 3970 713 4032 tritum
731 3985 777 4034 pro
795 3972 836 4021 his
847 3986 886 4020 vv.
898 3973 994 4024 habent
1005 3990 1057 4023 com
1071 3990 1117 4038 per
1129 3977 1241 4027 seVad.
1260 4016 1291 4025 ..

176 4033 419 4152 exltrolptdaqlpe,1{;
436 4076 466 4085 ..
491 4035 634 4099 carcinodes,
647 4040 690 4087 ad.
717 4035 834 4099 cardines,
850 4031 908 4088 GV.
935 4056 1026 4103 earnes,
1039 4042 1070 4092 Τ.
1092 4082 1116 4091 -
1140 4041 1292 4104 illitam,sd.

175 4100 243 4164 iaia,
287 4105 301 4151 ¹.
319 4102 329 4151 i
348 4101 381 4163 io,
426 4104 443 4151 ².

209 4168 224 4230 ξ
240 4175 293 4220 188.
312 4169 399 4235 hysopo
410 4186 440 4218 oc
451 4168 524 4232 melle,
537 4173 591 4221 Vd.
610 4170 675 4220 melle
687 4178 709 4218 et
720 4169 826 4235 hyssopo,
839 4167 909 4236 nssy.
923 4214 953 4222 -
972 4175 1059 4236 nanta,
1071 4176 1147 4228 Ved.
1161 4216 1194 4227 -
1213 4185 1293 4238 terere,

176 4238 231 4287 Vd.
251 4278 280 4286 ..
299 4236 373 4297 onesi,
385 4238 418 4287 V.
437 4238 506 4299 andi,
518 4241 563 4288 ad.
582 4279 612 4287 -
632 4236 764 4298 drachmas,
777 4255 799 4288 a.
817 4279 849 4289 ..
868 4247 955 4302 omae,
968 4243 1051 4293 VTd.
1071 4242 1151 4305 ternis,
1163 4239 1234 4310 ιβγ.
