2754 4726
118 281 181 346 240
469 290 674 342 urruunms
696 291 891 342 mssoamn

160 447 206 513 Π.
229 446 258 510 7.
282 442 392 530 Sparti
415 444 543 528 quidem
566 430 645 511 usus
666 444 767 509 multa
787 455 862 530 post
883 444 1009 510 saecula
1031 455 1165 532 coeptus
1180 456 1242 527 est,
1255 465 1285 511 ac

117 571 177 615 nco
190 559 265 612 ante
279 545 460 611 Poenorum
479 567 568 610 arma
590 567 673 630 quac
694 545 833 629 primum
853 542 1033 630 Hispaniae
1052 545 1257 627 intulcrrmt..

119 649 231 715 Herba
259 658 292 712 et
317 646 396 711 haec
425 657 540 732 sponte
561 668 696 712 nascens
717 656 750 711 et
771 668 855 730 quae
875 667 940 713 non
962 657 1060 731 queat
1082 647 1146 713 seri
1166 648 1242 713 iun-

118 772 238 836 cusque
259 746 390 836 proprie
410 746 492 812 aridi
515 747 589 826 soli,
617 747 674 812 uni
696 747 899 813 terraedato
919 746 1013 823 vitio;
1045 768 1185 831 namque
1205 748 1242 813 id

118 851 235 917 malum
264 847 386 914 telluris
414 858 463 912 est
493 869 564 913 neo
579 847 667 912 aliud
693 847 740 913 ibi
769 847 833 913 seri
859 857 915 912 aut
936 847 1026 912 nasci
1046 857 1164 933 potest.
1198 847 1242 914 In

116 954 233 1019 Africa
247 949 401 1036 exiguum
416 960 449 1014 et
462 947 574 1014 inutile
588 947 752 1036 gignitur3
769 946 1045 1033 Carthaginiensis
1058 946 1240 1034 Hispaniae

118 1051 278 1121 citerioris
305 1049 428 1135 portio,
454 1071 515 1114 nec
541 1048 622 1114 haec
649 1058 715 1113 tota
737 1048 795 1113 sed
816 1061 975 1133 quatenus
995 1048 1095 1135 parit,
1121 1051 1240 1116 montis

117 1175 245 1240 quoque
260 1161 370 1236 sparto
387 1149 501 1237 operit
524 1148 612 1215 Hinc
634 1159 733 1215 strata
753 1149 884 1214 rusticis
906 1170 1027 1228 eorum,
1048 1149 1124 1216 hinc
1144 1151 1239 1240 ignes
1252 1165 1282 1213 2⁷

117 1255 285 1337 facesque,
317 1248 393 1315 binc
424 1249 615 1315 'calciamina
649 1261 681 1315 et
706 1259 871 1336 pastorum
896 1240 996 1316 iestis
1003 1274 1012 1327 3
1048 1250 1241 1318 animalibus

116 1354 248 1421 noxium
269 1361 494 1438 praeterquam
515 1350 717 1415 cacuminum
734 1351 911 1416 teneritate.
932 1350 989 1415 Ad
1008 1351 1148 1435 reliquos
1161 1375 1240 1419 usus

116 1455 275 1523 laboriose
297 1451 458 1530 evellitur,
482 1451 620 1518 ocreatis
637 1452 800 1531 cruribus,
822 1475 919 1517 manu
933 1452 1093 1537 textisque
1106 1453 1240 1521 manicis

117 1554 322 1623 convolutum
336 1553 438 1618 osseis
452 1553 623 1639 iligneisve
637 1553 850 1632 conameutis,
872 1576 958 1619 nuno
976 1554 1042 1618 iam
1054 1553 1088 1618 in
1102 1555 1240 1622 hiemem

116 1659 217 1735 iuxta,
240 1654 388 1720 facillime
410 1663 515 1719 tamen
537 1653 579 1719 ab
600 1652 707 1718 idibus
727 1652 825 1718 Maiis
846 1653 880 1719 in
901 1653 1029 1732 Iunias3
1051 1647 1112 1747 lico
1133 1667 1238 1723 matu-

117 1758 223 1824 ritatis
245 1767 381 1840 tempus.

160 1859 190 1925 8.
223 1855 361 1922 Volsum
382 1853 527 1919 fascibus
547 1851 581 1917 in
603 1876 718 1920 acervo
740 1854 915 1920 animatum
936 1856 1048 1936 biduo,
1075 1861 1170 1927 tertio
1186 1883 1239 1926 re-
1252 1872 1281 1917 2⁸

119 1960 258 2026 solutum
287 1955 449 2043 spargitur
475 1954 510 2019 in
538 1955 603 2020 sole
631 1956 833 2041 siccaturque
856 1967 889 2022 et
909 1980 1022 2024 rursus
1043 1959 1077 2023 in
1097 1959 1239 2026 fascibus

96 2059 99 2063 ’
117 2061 199 2126 redit
222 2057 282 2123 sub
304 2067 402 2134 tecta3
424 2066 539 2142 postea
559 2068 740 2122 maceratur
761 2079 845 2141 aqua
865 2058 989 2124 marina
1011 2067 1159 2146 optume,
1182 2059 1240 2126 sed

20 2228 28 2232 ,
118 2171 151 2226 et
170 2160 278 2237 dulci,
303 2158 332 2222 si
352 2155 477 2220 marina
498 2155 600 2233 desit,
630 2156 847 2242 siccatumque
873 2160 939 2224 sole
965 2159 1095 2226 iterum·
1103 2161 1239 2248 rigatur.

120 2260 157 2327 Si
177 2266 310 2344 repente
331 2265 468 2342 urgueat
489 2255 702 2335 desiderium,
730 2259 896 2345 perfusum
922 2261 1025 2326 calida
1044 2261 1079 2326 in
1101 2262 1180 2328 solio
1201 2283 1239 2328 ac

119 2360 272 2427 siccatum
300 2367 389 2422 stans
416 2355 629 2442 conpendium
650 2362 767 2443 operae
789 2359 917 2425 fatetur.
940 2359 1015 2426 Hoc
1036 2370 1143 2427 autem
1165 2372 1281 2428 tun-ss

153 2570 168 2632 ξ
180 2573 221 2618 26.
243 2566 328 2617 Herba
343 2574 379 2615 cst
392 2565 458 2630 laec,
474 2568 563 2618 Dalcc.
585 2565 623 2617 At
636 2565 779 2617 referuntur
793 2567 858 2617 haec
869 2568 901 2617 ad
912 2567 1066 2617 asbestiunm
1077 2569 1159 2618 linum
1171 2565 1185 2628 5
1199 2573 1238 2618 19.

121 2677 152 2686 -
169 2642 259 2700 sponte,
271 2652 294 2685 a
318 2643 340 2683 ct
350 2643 438 2699 monte,
450 2636 493 2684 cd.
517 2635 564 2683 aim
575 2641 663 2698 sponte,
678 2634 775 2699 Appnl.
791 2649 816 2698 p.
830 2640 887 2684 264.
906 2674 938 2683 ..
960 2633 1004 2684 boc
1015 2634 1081 2694 vitio,
1097 2635 1187 2685 Dalec.
1205 2675 1237 2684 .-

122 2701 325 2768 Oartlapinensis,
338 2719 361 2752 a.

153 2774 168 2834 ς
183 2775 224 2822 27.
248 2777 427 2832 praecoquam
449 2777 509 2834 post
524 2769 550 2818 la
567 2784 590 2818 v.
609 2768 705 2819 excidit
720 2768 875 2832 praepositio
892 2767 931 2832 ia;
953 2770 1063 2819 ablativo
1079 2769 1239 2820 instrumenti

119 2840 205 2888 nullus
220 2839 263 2887 hic
279 2839 359 2887 locus.
380 2875 406 2884 -
433 2835 548 2892 evellitur,
560 2852 584 2885 c.
610 2834 713 2896 vellitur,
728 2827 825 2884 Orod.
844 2875 876 2885 ..
902 2836 1046 2896 οσνεαῑιὶε,(1.
1072 2835 1238 2898 baasae.

119 2921 196 2965 ocrea,
212 2921 235 2954 a.
254 2945 286 2953 -
309 2903 519 2966 maculosusque,
538 2895 654 2954 &Tacd
680 2902 833 2964 munitamque
850 2901 923 2964 moui,
934 2899 964 2965 β.
985 2905 1030 2954 Uti
1041 2905 1104 2953 hacc
1114 2905 1239 2967 scriptura

119 2981 206 3038 aperte
222 2980 262 3021 est
276 2972 439 3034 interpolata,
456 2972 492 3021 ita
507 2973 629 3034 scriptura
645 2971 760 3020 codicum
776 2970 854 3032 vulgo
872 2985 940 3019 nunc
952 2985 1059 3034 regnans
1070 2985 1145 3020 sensu
1157 2978 1237 3034 carct3

119 3056 172 3090 vox
183 3055 255 3088 mana
266 3039 381 3098 delenda,
399 3055 464 3102 quac
477 3046 533 3088 orta
543 3039 641 3088 videtur
653 3038 728 3101 culpa
738 3037 842 3098 librarii,
859 3038 902 3100 qui
914 3052 1003 3088 vocem
1014 3036 1115 3086 manica
1125 3052 1179 3087 non
1191 3054 1238 3088 sao

119 3110 178 3158 loco
195 3109 335 3171 scripserat
361 3106 403 3156 Ita
418 3121 476 3157 cum
492 3107 531 3158 bis
546 3107 680 3169 legeretur,
697 3104 794 3154 factum
809 3105 868 3153 inde
883 3113 922 3155 est
938 3120 1017 3165 maru,
1033 3113 1063 3155 ut
1074 3113 1141 3155 certe
1152 3106 1238 3169 aliqua

118 3191 172 3224 vox
188 3176 295 3235 adesset,
312 3175 373 3223 licet
388 3189 464 3224 sensu
475 3189 569 3225 carens.
596 3173 732 3225 scribenda
747 3173 825 3235 igitar
842 3179 868 3221 et
882 3173 1085 3236 interpungenda
1099 3181 1159 3223 sunt
1175 3175 1237 3223 haec

118 3243 195 3290 verba
210 3241 257 3288 ita:
281 3239 395 3288 abortae
411 3239 529 3302 evellitur,
549 3240 650 3290 ocrwtis
665 3239 773 3289 craribsu
791 3238 904 3301 textisque
919 3238 1020 3288 manicis
1037 3238 1184 3289 convolutam
1200 3255 1237 3289 oe-

118 3306 166 3355 teis
177 3303 204 3354 il.
216 3304 365 3353 commenta.
387 3304 473 3356 Labor
488 3308 515 3356 in
530 3306 662 3357 evellendo
674 3315 760 3370 sparto
772 3321 803 3355 eo
816 3309 931 3368 cernitur,
948 3309 1015 3370 quod
1028 3308 1143 3358 evellitur
1154 3322 1237 3358 ocrea·

119 3375 150 3424 tis
168 3372 280 3422 cruribus
298 3379 324 3421 et
341 3374 506 3422 convolutum
522 3372 627 3422 manicis
644 3374 719 3423 textis
740 3375 896 3424 conamentis
917 3375 996 3424 osseis
1012 3375 1151 3438 iligneisve.
1177 3376 1236 3425 Duo

119 3440 222 3492 ablativi
239 3439 397 3489 instrumenti
413 3440 572 3489 illustrantur
586 3438 629 3499 iis,
651 3454 716 3502 qnae
732 3441 806 3489 attuli
822 3444 854 3491 ad
870 3447 911 3502 85,
930 3447 986 3492 los.
1010 3482 1042 3490 -
1069 3440 1198 3506 ilipneisre,
1214 3457 1236 3492 a

119 3506 237 3572 iliqnircc,
250 3521 271 3556 c.
295 3504 427 3570 ilignaque,
442 3498 470 3555 θ.
492 3503 597 3569 liquesce,
609 3508 633 3555 d.
652 3503 768 3569 lipneirvq
779 3503 809 3567 β.
828 3549 860 3557 -
880 3508 1005 3569 εἰοοτίαηι,
1017 3509 1085 3558 Pint
1104 3549 1136 3558 -
1154 3509 1179 3558 ia
1190 3506 1236 3558 lle

119 3590 186 3636 mem,
198 3576 291 3625 Tacd.
308 3573 357 3622 iam
368 3570 450 3634 bieme,
462 3573 494 3623 Κ.
515 3571 540 3620 in
552 3570 633 3634 bieme,
645 3574 712 3624 Pint.
731 3615 762 3623 ..
781 3575 856 3637 iusta,
868 3570 987 3626 TOacd.
1004 3574 1052 3636 via,
1064 3577 1133 3626 Pint.
1145 3572 1204 3637 Κβ.

153 3642 169 3704 ξ
182 3649 223 3694 28.
237 3640 360 3706 fascibus,
373 3640 454 3690 omitt.
466 3655 480 3688 c
492 3636 607 3701 (Thuan.
620 3657 660 3706 ap.
673 3641 780 3692 Salmas.
792 3657 874 3693 exerc.
886 3657 911 3707 p.
926 3648 981 3694 188.
992 3643 1017 3691 b.
1028 3641 1074 3704 B.)
1094 3683 1125 3692 ..
1144 3643 1236 3692 aalma

120 3717 176 3771 tum,
188 3713 251 3760 aod.
277 3715 413 3769 ammarum,
424 3709 467 3757 r¹²
483 3703 571 3768 (codd.
584 3709 663 3759 Turn.
678 3710 735 3758 adv.
750 3716 789 3769 10,
802 3706 856 3771 20.)
878 3707 1016 3771 adunatum,
1026 3710 1061 3760 Κ.
1087 3709 1236 3771 οωπυὶαίωπ,

119 3776 230 3827 Turneb.
258 3783 407 3838 mancatum,
429 3774 537 3827 Salmas.
566 3774 662 3826 Vultum
682 3784 705 3824 et
720 3776 879 3825 exanimatam
888 3777 1001 3842 fascibus
1017 3775 1042 3825 ia
1059 3793 1145 3827 acervo
1161 3776 1236 3838 biduo,

118 3844 208 3895 Dulec.
227 3884 259 3894 -
281 3840 418 3904 sedatae.
444 3840 492 3904 sed,
506 3844 529 3892 d.
549 3884 580 3892 ..
600 3847 768 3909 urpaeul,D².
795 3851 886 3909 urgeat,
899 3846 923 3895 d.
949 3851 1081 3909 arquata.
1107 3853 1236 3910 arquato.

118 3919 211 3976 coquet,
223 3911 270 3962 12¹.
289 3951 320 3960 ..
334 3909 492 3974 per‘vesusam,
504 3914 567 3960 aed.
587 3952 619 3960 -
636 3910 702 3972 solio,
715 3912 809 3964 Sabell.
818 3911 893 3974 solio,
906 3914 968 3963 aed

153 3978 169 4040 ξ
181 3985 222 4031 29.
236 3977 366 4043 praecipue
376 3977 454 4040 aqum,
464 3994 485 4027 r.
503 4018 535 4027 -
553 3977 610 4040 Sed,
622 3979 658 4029 ita
669 3994 717 4030 nos
728 3980 880 4043 scripsimus.
903 3977 946 4039 Et,
958 3980 1022 4030 aad.
1040 3978 1083 4040 At,
1095 3982 1167 4031 codd.
1181 3977 1236 4031 Gel.

117 4039 170 4111 βγ.
188 4088 220 4097 ..
244 4043 378 4107 demessum
396 4047 469 4096 codd.
480 4046 594 4096 Barbari.
613 4087 644 4096 ..
667 4046 731 4095 sitim
739 4061 852 4110 pensons,
868 4049 940 4096 codd.
953 4046 1010 4098 Gel.
1032 4046 1095 4096 sitim
1106 4054 1204 4112 pensas,
1215 4062 1236 4098 c.

116 4111 277 4178 sitimpensa,
289 4115 313 4163 d.
339 4111 372 4161 sit
387 4112 412 4160 in
424 4129 521 4176 pensas,
536 4131 559 4163 a
578 4154 609 4163 ..
632 4112 809 4176 quidem,acd.
836 4113 869 4175 in,
885 4115 983 4178 Appul.
994 4130 1019 4179 p.
1032 4121 1090 4166 264.
1110 4156 1142 4165 ..
1166 4115 1237 4164 inter·

116 4177 189 4244 polis,
201 4182 256 4232 acd
267 4178 391 4245 (Appul.)
413 4179 552 4244 inmollis,
562 4177 591 4243 β.
609 4222 640 4231 ..
664 4196 798 4244 meusque,
811 4195 846 4231 ac
858 4178 981 4247 (Appal.)
1002 4198 1151 4246 rursumque,
1163 4185 1187 4234 d.
1204 4221 1235 4233 ..

118 4247 273 4310 quamtitas.
284 4263 327 4315 ac
347 4247 483 4312 quamlibet,
496 4250 512 4298 d
524 4246 646 4313 (Appul.)
663 4249 723 4299 Vid.
735 4253 776 4312 36,
791 4254 847 4300 160.
