2754 4726
163 304 225 369 ete
515 280 931 366 serumurs'msroursu

163 483 274 539 eontra
295 469 382 536 canis
404 489 543 534 morsum
565 478 699 533 utuntur
719 482 750 534 et
772 482 882 535 contra
901 466 1107 553 multipedam
1126 493 1172 535 ex
1194 473 1287 541 vinc.

163 570 455 660 Hippomarethurn
483 568 524 634 od
551 569 659 635 omnia
687 570 904 635 vehementius
934 568 1072 634 arcuu-
1102 573 1345 659 pnecipmn

162 672 261 762 peliit,
285 671 419 759 prodest
436 670 562 737 vesicae
582 692 654 736 cum
676 670 748 736 vino
769 670 832 735 leni
852 683 882 735 ct
902 668 1288 739 ierninarunrmeustruis

162 772 383 840 haerentibus.
416 768 590 838 Efficaciu's
611 771 644 835 in
666 792 704 835 eo
725 793 834 836 semen
853 793 950 855 qnam
969 769 1081 847 ndi13
1107 773 1286 839 modus-iu

161 887 314 961 utroque,
347 873 434 960 quod
461 871 587 939 duobus
612 871 723 958 digitis
751 872 858 936 tritum
887 871 1023 935 addatm
1047 870 1082 934 in
1102 872 1286 956 petionem

162 974 331 1044 Petrichus
350 974 405 1062 qui
424 974 558 1062 ophiaca
580 972 709 1060 scripsit
729 984 761 1037 et
774 971 899 1039 Micton
922 972 980 1056 qui
1001 970 1287 1042 rbizmmnumn

160 1076 317 1146 adsersus
345 1075 504 1163 serpentis
537 1072 616 1140 nihil
641 1071 885 1160 hippomaratho
918 1071 1078 1139 efficatius
1102 1085 1284 1158 putaram

162 1198 239 1246 sane
261 1188 293 1245 et
314 1174 478 1245 Nicander
499 1198 564 1244 non
585 1175 619 1240 in
639 1173 821 1241 novissimis
843 1174 961 1261 posuit

203 1278 254 1346 97.
289 1274 456 1345 Cannabis
484 1277 518 1342 in
541 1275 629 1342 silvis
651 1275 789 1362 primum
810 1287 886 1340 nata
906 1286 970 1354 est,
998 1273 1124 1361 nigrior
1142 1277 1232 1344 feliis
1250 1291 1341 1346 etuas

160 1378 315 1467 asperior.
340 1374 457 1444 Samen
480 1376 549 1444 eius
571 1376 776 1464 exstinguere
790 1375 970 1463 genituram
983 1375 1126 1464 Ψ
1146 1378 1282 1457 dicium

161 1501 257 1548 sucus
289 1502 329 1547 cx
360 1502 398 1547 eo
420 1478 610 1546 vermiculos
637 1477 764 1544 aurium
785 1488 818 1544 et
844 1477 1070 1562 quodcumque
1088 1478 1211 1544 animal
1229 1481 1282 1546 in-

160 1580 294 1649 traverit
314 1582 387 1648 eicit
411 1580 468 1647 sed
490 1602 563 1646 cum
585 1579 693 1646 dolore
723 1579 855 1665 cepitis,
879 1589 1029 1662 tantaque
1050 1579 1103 1644 vis
1122 1580 1154 1645 ei
1174 1594 1227 1646 est
1246 1596 1283 1648 ut

160 1704 264 1767 aquae
291 1682 418 1748 infusus
448 1681 618 1771 coagulare
640 1702 710 1745 eam
732 1680 872 1756 dicatur3
906 1690 938 1744 et
964 1679 1039 1745 ideo
1066 1680 1281 1748 iumentorum

160 1781 232 1848 alvo
247 1781 405 1848 succurrit
420 1790 516 1868 potus
530 1782 563 1846 in
578 1803 670 1864 aqua.
699 1779 807 1846 Radix
822 1781 973 1848 articulos
987 1792 1169 1849 conuacms
1182 1786 1281 1850 amoi-

159 1881 195 1948 iit
218 1880 250 1947 in
271 1903 355 1967 aqua
374 1891 475 1961 coetu,
498 1882 575 1949 item
594 1881 756 1970 podagras
771 1893 803 1948 et
818 1882 931 1948 similis
944 1883 1094 1969 inpetus3
1123 1884 1281 1952 ambustis

160 1983 259 2050 cruda
280 1983 424 2050 inlinitur
446 1983 503 2050 sed
527 1984 656 2071 saepius
676 1995 819 2050 mutatur
841 1984 1028 2071 priusquam
1048 1997 1187 2050 maest.

202 2084 253 2150 98.
276 2082 394 2151 Ferale
417 2106 524 2150 semen
546 2095 640 2152 aneto
662 2084 765 2151 simila
786 2084 892 2151 habet.
923 2083 1017 2168 Quae
1037 2084 1081 2152 ab
1101 2108 1170 2152 uuo
1190 2088 1331 2153 mulereo

160 2182 314 2248 dividitur
340 2185 374 2249 in
397 2183 575 2261 cacumine,
604 2183 722 2250 femina
747 2196 887 2272 putatur.
919 2184 1038 2252 Ocules
1060 2186 1277 2254 edunturde-

160 2281 243 2347 coeti
265 2283 579 2368 conmendanturque
601 2286 705 2350 muria
726 2308 764 2353 ac
785 2287 879 2355 melle
907 2287 1069 2355 stomacho
1090 2289 1205 2368 uffles,
1231 2291 1279 2356 sin

160 2378 271 2467 plures
294 2383 429 2468 sumpti,
463 2382 578 2470 capitis
599 2384 741 2452 dolorem
762 2387 892 2453 iaciunt.
928 2387 1037 2453 Radix
1064 2388 1178 2455 denari
1199 2413 1278 2476 pon·

161 2481 237 2548 dere
264 2482 298 2549 in
327 2485 393 2550 vini
421 2484 546 2570 cyathis
574 2485 701 2554 duobus
728 2488 848 2555 bibitur
868 2488 1026 2556 adversus
1049 2492 1226 2578 serpentis,
1248 2503 1279 2557 et

160 2583 231 2667 ipsa
260 2584 352 2651 radix
380 2586 557 2673 inponitur3
592 2587 638 2653 sic
667 2599 700 2653 et
728 2590 918 2657 torminibus
950 2590 1112 2666 mederum
1149 2614 1189 2657 ex
1210 2592 1279 2657 oleo

194 2798 290 2840 utuntur
302 2800 331 2852 et,
344 2793 417 2843 Van.
436 2800 533 2842 utuntur
544 2792 587 2850 uel,
600 2796 632 2845 K.
652 2835 683 2845 ..
702 2794 856 2860 multipedem,
869 2799 923 2848 vn.

194 2877 282 2937 §²⁶⁸-
310 2876 536 2941 Hr'ppomarathuru,
553 2880 604 2929 V².
630 2879 842 2943 Hippcmaraturn,
859 2882 947 2933 V¹ad.
974 2864 1163 2946 Ippomarbtms.
1180 2887 1279 2950 Appui.

160 2939 389 3005 thpornarathron
401 2941 451 3010 βγ.
470 2987 501 2996 ..
518 2947 645 3010 praecipue
655 2946 730 3010 pellit,
743 2949 796 2998 Va.
812 2949 940 3012 praecipue
952 2949 1020 3011 cottis,
1033 2953 1084 3001 Td.
1102 2951 1199 3015 atpelh't
1205 2971 1280 3016 prue-

160 3008 233 3072 cr'pue,
251 3012 347 3076 Appnl.
372 3055 402 3064 -
429 3012 583 3076 haerentibus,
599 3030 615 3063 u
632 3012 717 3074 (codd.
731 3015 797 3076 Get,
814 3015 924 3080 Appuh)
950 3016 1077 3077 haerentes,
1092 3019 1146 3069 Vd.
1169 3062 1201 3070 ..
1231 3021 1282 3072 Sed

160 3076 290 3140 efficacius,
308 3081 403 3145 Appui.
424 3123 452 3130 ..
482 3080 571 3141 ruodm,
589 3082 685 3145 Appnl.
712 3081 794 3141 moda,
812 3085 864 3132 Va.
882 3085 939 3136 Orn.
957 3087 980 3134 d.
1006 3127 1035 3134 ..
1063 3087 1088 3134 s'n
1104 3093 1210 3150 utroque,
1225 3090 1278 3138 Vd.

160 3143 184 3192 in
197 3154 304 3210 unaque,
317 3150 360 3212 Ap
379 3151 415 3198 ul.
440 3156 547 3212 utruque,
560 3166 582 3199 s.
602 3191 632 3198 -
656 3148 805 3208 trito,Vad.
820 3151 877 3202 Om.
889 3154 932 3216 Ap
950 3153 984 3202 ul.
1003 3195 1033 3202 -
1057 3151 1169 3215 addeum
1182 3158 1278 3221 Appul.

160 3209 266 3289 adnitar,
279 3165 401 3278 Vudtiy.
421 3257 451 3266 -
476 3215 609 3276 Petrichus,
626 3210 753 3268 OVTad.
780 3168 949 3281 Petridr'uupii
970 3261 1000 3269 ..
1024 3219 1181 3284 tepefactae,
1194 3225 1278 3274 V.-

160 3277 339 3338 Mwanfflint.
357 3280 462 3342 Miccon.
475 3283 579 3333 VTad.
603 3283 713 3348 Myccen,
729 3278 757 3334 θ.
782 3282 930 3347 Muttonss.
954 3286 1066 3347 Miccion,
1079 3288 1186 3340 Salmas.
1199 3291 1279 3356 praef.

160 3345 193 3393 ud
205 3345 282 3407 hylan
294 3362 319 3408 p.
334 3353 373 3396 tl.
391 3387 422 3396 -
450 3344 657 3408 rhieatornumena,
670 3353 703 3399 V.
723 3392 754 3400 -
781 3351 977 3417 hippomarathon
993 3353 1122 3419 efficeafas,
1136 3359 1170 3408 V.
1197 3358 1279 3423 aspica-

160 3410 210 3458 cr‘us
222 3410 426 3475 hippomarathum
438 3413 483 3461 ud.
502 3453 532 3461 -
553 3412 678 3462 Nicander
689 3417 790 3466 theriac.
804 3426 862 3471 596.

193 3493 277 3555 5259.
299 3493 428 3556 Canuauis,
440 3496 536 3559 Appul.
559 3498 602 3546 De
613 3499 668 3563 ipss
678 3501 769 3564 planta
780 3519 803 3552 v.
815 3505 930 3556 Dioscor.
944 3513 968 3568 8,
983 3513 1038 3557 156.
1056 3548 1087 3557 -
1107 3506 1202 3571 niprior
1208 3509 1280 3575 soliis

159 3563 308 3626 etaspcrt‘er.
324 3556 393 3613 aad.
419 3562 524 3626 nipnbre
531 3563 604 3625 soliis
618 3574 642 3614 et
652 3569 766 3633 amarior,
778 3571 811 3620 V.
837 3573 928 3638 nsprrbr
943 3572 1044 3637 etsoh'r's
1055 3575 1217 3638 arpenna.
1243 3577 1279 3627 ni·

157 3626 522 3743 panaesohoetaspen'orass.
543 3672 574 3681 -
601 3633 701 3698 insuere,
718 3637 814 3702 Appul.
841 3639 954 3702 infusum,
970 3643 1015 3692 ad.
1040 3641 1129 3705 influa,
1145 3638 1228 3709 Vssr.
1248 3686 1278 3696 ..

184 3705 319 3758 mentorum,
330 3698 364 3747 V.
384 3739 413 3747 -
436 3705 514 3775 potue,
526 3699 579 3749 Va.
603 3702 671 3764 potr',
684 3706 707 3754 d.
751 3712 798 3766 ota,
813 3702 865 3770 βγ.
884 3748 914 3758 ..
938 3707 1201 3781 eramusmaerore,
1212 3707 1280 3764 Vati

159 3761 283 3827 (Appnl.)
301 3771 434 3814 contractos
444 3763 565 3826 artusiae,
576 3763 627 3831 βγ.
646 3809 677 3818 -
695 3789 708 3819 a
738 3775 801 3833 ,ιιι
819 3781 849 3831 et,
860 3775 894 3824 V.
912 3816 945 3828 ..
963 3776 1088 3838 sharmeat,
1099 3777 1133 3826 K.

192 3847 277 3927 §auth
299 3846 491 3913 condiunturque,
507 3852 540 3902 K.
560 3893 590 3900 -
615 3853 704 3917 muria,
722 3857 758 3908 ita
774 3874 820 3909 nos
837 3860 982 3924 scripsimus
997 3862 1056 3912 coll.
1068 3861 1188 3912 Dioscor.
1200 3868 1225 3925 8,
1238 3870 1279 3916 81.

159 3926 346 3978 ταριχευονται
363 3913 456 3967 δὲκαὶ
475 3914 751 3982 εὶςτὰςάλμεύσεις.
779 3934 868 3988 murta,
886 3928 938 3978 Tu.
964 3935 1054 3989 musta,
1071 3929 1106 3980 V.
1131 3945 1241 3992 murrea,
1255 3945 1279 3981 a.

158 3987 240 4040 musto,
251 3976 302 4047 βγ.
323 4024 352 4033 -
371 3984 416 4046 sin,
428 4002 451 4036 a.
469 3987 502 4048 in,
514 3988 548 4037 V.
567 3986 598 4049 hi,
611 3990 663 4040 Τὰ.
680 3989 730 4053 aed,
742 3993 774 4042 K.
795 4034 824 4042 -
844 3992 954 4052 dolorem
969 3988 1072 4046 Ovad,
1090 3994 1191 4060 dolorm
1202 3993 1233 4060 β.

192 4062 281 4123 §tuh
308 4066 388 4129 savir,
405 4070 512 4122 vaae.
537 4071 614 4135 sr'str't,
630 4068 663 4124 K.
687 4115 718 4124 -
745 4076 1138 4146 erhidimeduha,Varir9pe›.
1164 4081 1281 4134 anaide

157 4130 265 4193 marullo,
281 4127 310 4183 θ.
332 4151 344 4183 e
360 4135 435 4185 unde
442 4138 537 4202 faula,
550 4142 603 4191 Τὰ.
627 4149 650 4189 et
661 4141 836 4206 aridiserula
848 4141 878 4208 β.
897 4188 929 4196 -
951 4146 1033 4207 euleu,
1045 4147 1161 4200 Gronov.
1184 4150 1281 4213 cauas

159 4193 218 4249 BV.
245 4199 326 4264 vultui,
343 4203 528 4324 Tadrrihp'p.
555 4205 751 4287 ramuscuhast.
771 4252 801 4261 ..
824 4211 890 4263 utih‘a
901 4223 942 4275 est,
955 4215 987 4265 V.
1014 4214 1080 4265 utile
1091 4224 1200 4279 estetr.
1224 4217 1281 4269 auis

157 4274 199 4325 est,
216 4259 314 4319 OTsd.
338 4271 480 4337 unienter,
513 4272 589 4339 θρφ.
613 4274 686 4337 utrhs,
699 4285 728 4337 et,
740 4291 765 4342 γ.
785 4319 816 4329 -
834 4283 959 4346 ea‚Vsd.
977 4282 1034 4345 eius,
1046 4281 1166 4350 τδθρφ.
1189 4301 1281 4350 mn,
