2754 4726
427 303 497 355 ms.
513 302 617 355 mn.
647 305 725 354 oss.
740 306 802 356 vm
830 280 929 356 sacr.
947 311 977 355 n.
1000 300 1004 307 '
1203 296 1263 361 151

140 454 296 524 Omnium
311 467 453 522 satorum
467 458 594 524 fructus
609 467 666 523 aut
679 457 778 543 spicia
791 458 982 539 continetur,
1003 471 1039 527 ut
1053 460 1167 540 tritici,
1188 460 1264 526 hor-

138 558 205 636 dei,
226 558 436 642 muniturque
455 559 539 625 vallo
555 560 725 624 aristarum
739 569 852 624 contra
865 560 935 627 avis
949 570 982 628 st
995 582 1111 648 parvas
1132 562 1265 647 quadri·

138 661 258 746 pedes,
281 670 338 724 aut
350 660 527 726 includitur
543 658 676 744 siliquis,
698 671 736 725 ut
748 659 963 746 leguminum,
985 672 1040 727 aut
1059 663 1209 742 vasculis,
1229 674 1266 729 ut

138 762 276 827 sesimae
290 783 329 826 ac
342 762 525 847 papaveris.
547 760 677 827 Milium
697 772 730 827 et
749 759 900 847 panicum
916 773 1040 827 tantum
1054 785 1113 849 pro
1125 764 1265 831 indiviso
1277 779 1310 826 ss

135 874 171 930 et
193 863 302 948 parvis
324 863 439 951 avibus
462 863 643 949 expositum
663 874 729 939 est3
751 862 922 929 indefensa
936 864 1057 949 quippe
1072 865 1266 931 membranis

136 965 353 1031 continentur.
376 963 534 1030 Panicum
555 985 575 1028 a
595 963 753 1051 paniculis
776 963 911 1042 dictum,
934 965 1099 1031 cacumine
1112 964 1266 1051 languide

130 1076 290 1144 nutante,
312 1065 468 1152 paulatim
488 1075 661 1131 extenuato
682 1066 786 1131 culmo
801 1087 903 1152 paene
917 1066 952 1131 in
967 1066 1148 1145 surculum,
1170 1088 1265 1151 prae·

134 1167 250 1232 densis
272 1166 440 1234 acervatur
461 1167 578 1256 granis·
594 1188 668 1231 oum
688 1166 878 1252 longissima
899 1167 1007 1253 pedali
1028 1166 1153 1253 phoba3
1175 1167 1265 1233 milio

134 1290 248 1337 comae
274 1292 411 1355 gramm
438 1269 614 1354 conplexae
640 1266 800 1333 fimbriato
828 1269 943 1354 capillo
964 1281 1149 1334 curvantur.
1179 1264 1309 1335 Sunr'n

132 1380 171 1435 et
191 1369 307 1456 panico
328 1390 464 1456 genera:
492 1390 684 1448 mammosa,
713 1393 730 1434 e
751 1390 836 1455 pano
857 1369 966 1456 parvis
986 1379 1149 1435 racemata
1169 1369 1263 1455 pani·

134 1470 235 1548 culis,
257 1478 290 1536 et
312 1471 477 1536 cacumine
499 1469 645 1558 gemin03
669 1471 747 1555 quin
768 1481 801 1536 et
822 1471 927 1536 colore
948 1470 1168 1558 distinguntur
1185 1493 1263 1537 can·

132 1568 231 1648 dido,
257 1572 367 1658 nigro,
397 1573 484 1649 miso,
507 1571 604 1636 etiam
625 1590 800 1658 purpureo.
836 1571 938 1636 Panis
959 1572 1168 1637 multifariam
1190 1580 1224 1638 et
1245 1593 1277 1655 e,

133 1671 226 1737 milio
245 1672 298 1751 fit,
328 1694 347 1737 e
372 1668 488 1759 panico
509 1694 619 1749 rarus3
649 1672 706 1737 sed
734 1672 858 1737 nullum
885 1673 1098 1758 ponderosius
1119 1673 1262 1739 frumen·

134 1783 208 1835 tum
227 1783 280 1836 est
298 1783 356 1838 aut
375 1770 462 1857 quod
484 1773 651 1858 coquendo
672 1772 776 1861 magis
804 1774 934 1850 crescit;
964 1796 1008 1838 nx
1029 1774 1137 1862 pondo
1165 1772 1263 1860 panis

131 1897 155 1939 e
176 1874 286 1938 modio
307 1873 464 1940 reducunt
485 1874 692 1958 modiumque
712 1874 812 1959 pultis
834 1896 876 1939 ex
897 1875 1000 1940 tribus
1024 1876 1171 1941 sextariis
1191 1898 1261 1939 ma·

131 1972 234 2039 didis.
268 1972 397 2040 Milium
423 1976 508 2039 intra
533 1975 592 2040 hos
620 1975 732 2040 decem
759 1996 864 2040 annos
890 1996 931 2040 ex
957 1975 1053 2039 India
1079 1975 1114 2038 in
1135 1975 1262 2038 Italiam
1275 1986 1308 2032 ⁵5
1335 1964 1339 1975 ’

69 2118 74 2125 -
132 2077 299 2141 invectum
334 2085 384 2142 est
414 2075 508 2164 nigro
541 2076 666 2153 colore,
699 2076 842 2160 amplum
872 2096 989 2163 grano,
1026 2075 1262 2140 harundineum

133 2176 259 2252 culm03
285 2176 442 2243 adulescit
463 2177 506 2241 ad
525 2177 625 2263 pedes
647 2176 816 2241 altitudine
837 2187 977 2262 septem,
1005 2175 1261 2264 praegrandibus

133 2278 261 2356 culmis,
277 2333 317 2342 -
339 2274 463 2364 phobas
484 2289 611 2356 vocant,
631 2332 672 2342 ..
695 2278 838 2343 omnium
858 2277 990 2364 frugum
1010 2278 1258 2357 fertilissimum

132 2402 179 2444 ex
192 2400 257 2444 uno
278 2402 379 2468 grano
401 2379 483 2445 terni
495 2378 635 2445 ⁴sextarii
655 2379 851 2467 gignuntur3
873 2379 938 2444 seri
960 2367 1056 2444 delict
1076 2380 1111 2443 in
1132 2380 1259 2444 umidis.

132 2478 315 2569 Frumento
340 2480 498 2565 quaedam
523 2478 558 2543 iu
584 2479 679 2544 tertio
705 2501 794 2566 genu
821 2479 943 2565 spicam
970 2478 1131 2568 incipiunt
1152 2479 1259 2545 conoi—
1273 2492 1305 2538 56

133 2602 230 2667 pere,
251 2581 407 2665 quaedam
428 2581 462 2645 in
483 2590 615 2665 quarto,
639 2578 697 2644 sed
718 2579 889 2645 etiamnum
906 2581 1082 2658 occultam3
1110 2580 1261 2665 genicula

129 2693 245 2748 autem
267 2693 341 2747 sunt
360 2682 467 2747 tritico
488 2690 663 2767 quaterna,
684 2681 762 2745 farri
783 2701 877 2758 sena,
899 2679 1020 2744 hordeo
1036 2691 1160 2744 octona.
1193 2678 1261 2745 Sed

130 2805 203 2849 non
220 2795 297 2849 ante
318 2804 417 2870 supra
437 2782 559 2848 dictum
577 2781 804 2871 geniculorum
825 2803 993 2849 numerum
1015 2789 1191 2865 conceptus
1212 2790 1261 2844 est

170 2990 237 3053 553.
261 2995 284 3035 et
294 2988 416 3053 panicum,
429 2982 500 3039 θεὰ.
524 3006 556 3039 oc
568 2987 690 3054 panicum,
706 2983 735 3050 β.
755 3028 786 3040 ..
805 2986 927 3053 producta
943 2985 1207 3049 discooperiam
1225 3026 1257 3036 .-

128 3055 318 3119 esposr‘mmest,
333 3049 432 3108 θΤαὰ.
459 3056 567 3120 exposita
577 3064 639 3118 aaut
654 3051 685 3119 β.
703 3096 735 3106 ...
761 3056 899 3117 muneror,
914 3056 959 3104 ad.
979 3094 1011 3103 ..
1036 3060 1207 3113 extenuatas.
1228 3091 1257 3101 -

128 3130 278 3183 armatam,
294 3125 331 3174 αἱ.
356 3131 475 3185 acervata,
491 3124 597 3174 Barbas.
616 3164 648 3174 ..
672 3121 985 3187 conquassandam...
1007 3118 1096 3184 piabo,
1110 3121 1259 3170 Tumeb.ot

131 3186 255 3243 Schneid.
271 3193 306 3242 ad
320 3190 451 3256 Theophr.
469 3192 529 3242 hist.
545 3192 625 3256 plant.
640 3191 718 3242 VIII.
730 3197 755 3250 4,
767 3197 792 3240 4.
818 3190 883 3252 otfa,
899 3186 1011 3240 DTadr
1028 3185 1114 3250 (codd.
1131 3185 1258 3251 Turneb.)

132 3257 318 3320 Iobo,·Bsrbar.
344 3258 404 3322 iffa,
420 3259 528 3310 Salmas.
544 3273 629 3308 exerc.
644 3272 670 3322 p.
683 3261 723 3307 90.
736 3257 804 3323 ad.
828 3257 896 3320 obba,
911 3253 940 3319 β.
959 3297 991 3306 ..
1014 3254 1148 3319 mamma.
1171 3254 1258 3316 miliae,

128 3325 217 3453 ,isild
232 3322 282 3388 (ita
297 3334 326 3377 ut
340 3327 369 3376 in
379 3326 454 3376 codd.
468 3324 534 3376 duas
543 3338 620 3375 vocas
637 3324 665 3374 ot
672 3322 790 3389 familiae
800 3325 900 3376 iunctae
911 3321 1049 3388 legantur).
1075 3322 1143 3387 matii,
1154 3318 1205 3389 βγ.
1224 3364 1256 3373 ..

182 3401 231 3442 soto
251 3408 274 3443 a.
884 3430 887 3435 .

169 3430 239 3521 §.iti
263 3476 400 3522 mammosa,
416 3453 532 3512 9Ta2d.
559 3474 697 3522 mammoso,
714 3455 774 3522 ηῐβ.
801 3476 963 3521 mammosam,
979 3458 1012 3509 K.
1033 3500 1063 3508 -
1091 3472 1190 3520 spano,
1206 3448 1256 3506 θα.

130 3526 314 3591 arpano,Td.
340 3535 456 3592 estpars,
468 3529 501 3578 K.
521 3569 552 3578 -
579 3535 709 3590 racemata,
725 3520 825 3577 orsu.
852 3523 1018 3587 racematass.
1040 3567 1069 3575 -
1089 3524 1257 3587 distinguntur,

131 3597 190 3644 Da.
213 3593 371 3660 distinguitur,
387 3587 459 3660 θᾱγ.
479 3636 510 3645 ..
528 3590 640 3661 ruffast.
659 3636 690 3645 ..
708 3593 851 3657 multifaria,
861 3596 894 3646 D.
918 3593 1059 3655 multffaria,
1072 3608 1094 3641 a.
1118 3589 1256 3653 multifarie,

129 3658 208 3726 dssr.
231 3663 265 3712 V.
276 3663 360 3713 Hand.
373 3662 484 3717 Tursell.
496 3668 521 3725 3,
533 3668 592 3713 664.
612 3704 644 3712 ..
670 3678 750 3722 rann,
766 3654 865 3713 OTad
892 3661 980 3720 rarius,
998 3656 1027 3722 β.
1046 3701 1077 3709 ..
1102 3655 1257 3721 ponderosius

122 3730 283 3791 frumentum,
295 3731 351 3781 Dd.
370 3726 527 3794 ponderosius
533 3728 665 3792 frumento,
677 3747 700 3780 a.
715 3730 863 3793 framentum
872 3727 1036 3794 ponderosius,
1049 3726 1121 3776 codd.
1135 3725 1192 3776 Gel.
1204 3720 1255 3789 βγ.

134 3837 167 3846 ...
187 3796 277 3859 crescit,
289 3814 311 3847 a.
330 3805 428 3859 mercat,
442 3792 513 3861 dssr.
528 3839 560 3847 ..
578 3797 640 3856 LX,
653 3799 714 3847 adr.
732 3796 790 3847 LX
798 3796 867 3859 enim,
878 3791 907 3859 β.
919 3838 953 3855 .,
970 3793 1089 3856 reducunt,
1101 3810 1123 3844 a.
1142 3790 1256 3855 redicam,

132 3867 158 3915 d.
177 3862 342 3926 recusarint.
354 3866 387 3914 K.
405 3866 471 3915 Mihi
484 3880 517 3915 ex
527 3865 637 3928 vestigiis
650 3867 707 3914 cod.
719 3867 736 3914 d
748 3862 825 3913 redire
836 3863 917 3913 dicunt
928 3864 1087 3914 scribendum
1099 3863 1204 3911 videtur.

167 3933 237 3996 §ota
259 3931 369 3996 nigras.
393 3928 577 3996 nigrumdssr.
596 3973 627 3982 -
647 3929 721 3995 podas
733 3929 962 3995 altimdiaosoptem‚
976 3933 999 3981 d.
1019 3927 1220 3994 pedisoititudin,
1233 3944 1256 3978 a

134 4039 166 4048 ..
191 3997 281 4061 asima,
297 4002 322 4048 d.
347 4000 428 4060 cuma,
444 4016 468 4050 a.
494 3999 574 4060 comis,
589 3999 621 4049 Τ.
645 4040 676 4048 ..
699 3997 799 4062 plotas,
817 4000 931 4062 Scaliger
947 4001 979 4049 ad
995 3999 1068 4048 Varr.
1083 4000 1113 4047 de
1124 3997 1186 4060 ling.
1198 3994 1255 4046 Lat.

132 4081 160 4130 p.
179 4069 218 4116 73.
236 4069 276 4127 ed.
292 4067 351 4131 Bip.
368 4075 396 4116 ct
412 4067 552 4118 Messes-im
569 4068 604 4118 ad
620 4073 645 4129 ⁹,
662 4073 703 4116 30.
733 4064 811 4128 mbas,
829 4063 923 4132 adssy.
950 4065 1029 4126 mbos,
1046 4067 1155 4117 Salmas.
1173 4079 1256 4114 exarc.

132 4148 151 4196 p
169 4199 185 4260 ξ
199 4206 238 4251 56.
256 4202 387 4251 brumarum
399 4199 525 4263 cumdum,
537 4201 668 4265 Theophr.
681 4202 739 4252 hist.
752 4202 831 4266 plant.
843 4200 919 4251 VIII.
932 4208 956 4262 2,
968 4207 992 4248 4.
1007 4239 1037 4248 ..
1055 4215 1124 4263 penu,
1140 4191 1255 4250 OTadr.

130 4266 249 4330 amiculo,
259 4263 290 4329 β.
310 4310 340 4319 ..
359 4267 487 4330 otmarum,
498 4284 522 4318 a.
541 4306 572 4319 ..
588 4268 736 4333 sorriaad„
756 4309 787 4318 ..
805 4275 902 4330 octona·
920 4275 943 4316 st
954 4282 1000 4316 aon
1012 4273 1074 4327 ante,
1086 4267 1119 4316 Κ.
