2754 4726
120 306 181 371 108
471 321 674 369 utrumme
697 318 892 368 nrsronms

119 471 193 538 Hoc
213 494 273 559 pro
295 471 483 537 senescendi
505 471 667 538 celeritate
690 471 880 538 attributum
900 468 975 535 huic
996 468 1115 546 arbori,
1137 479 1174 533 ut
1189 467 1231 534 ci·

119 572 240 636 tissime
272 572 452 659 proveniat.
495 570 621 637 Vitium
648 572 848 637 numerosior
881 580 970 635 sutus
998 580 1067 646 est3
1099 570 1280 656 primumn

118 672 260 738 omnium
281 673 360 738 nihil
382 672 500 739 seritur
521 695 562 737 ex
583 672 633 738 his
654 673 716 738 nisi
737 671 850 737 inutile
872 681 905 736 et
917 671 1108 757 deputatum
1121 671 1156 736 in
1170 692 1236 736 aar·

118 783 245 850 mentu;
279 783 456 858 opputatur
486 783 595 838 autem
620 772 777 858 quidquid
804 794 962 858 proxumo
987 770 1060 837 tulit
1087 771 1235 837 frutetum.

120 870 252 939 Solebat
273 874 466 961 capitulatus
480 864 649 958 'utrimque
672 896 690 939 e
712 874 794 939 duro
817 873 963 939 surculus
985 871 1048 937 seri
1070 893 1175 957 eoque
1187 894 1237 937 er-

118 984 271 1060 gumento
291 976 456 1041 malleolus
477 985 613 1040 vocatur
634 975 832 1053 etiamnun03
854 984 966 1060 postea
983 972 1078 1039 avelli
1091 994 1167 1039 oum
1181 994 1239 1039 sua

119 1076 205 1140 calce
226 1088 359 1161 coeptus
381 1088 431 1141 est
451 1075 542 1141 utin
562 1075 639 1155 fico,
661 1097 766 1160 neque
788 1086 839 1141 est
859 1074 946 1140 eliud
968 1073 1124 1139 vivacius.
1156 1072 1238 1139 Ter·

119 1176 199 1241 tium
219 1198 322 1264 genus
344 1177 504 1243 adiectum
526 1178 700 1243 etiamnum
723 1177 906 1264 expeditius
931 1177 1000 1241 sine
1021 1177 1124 1254 culce,
1151 1176 1240 1260 quod

119 1277 256 1366 sagittae
277 1288 449 1357 vocantur,
476 1299 550 1343 cum
569 1278 679 1344 intorti
702 1288 903 1364 panguntur3
931 1276 1028 1342 iidem
1050 1298 1124 1341 cum
1145 1275 1239 1341 recisi

119 1401 180 1444 nec
200 1379 321 1457 intorti,
343 1379 544 1465 bigemmem
573 1381 682 1466 plures
704 1390 810 1444 autem
833 1401 874 1444 ex
896 1378 1008 1444 eodem
1030 1378 1160 1443 surculo
1179 1375 1240 1442 hoc

118 1479 215 1545 modo
240 1479 329 1546 liunt.
372 1477 488 1546 Serere
515 1502 533 1546 e
560 1479 769 1567 pampinariis
801 1480 906 1545 sterile
933 1491 983 1544 est
1016 1501 1077 1544 nec
1101 1478 1166 1544 nisi
1189 1477 1238 1545 fe-
1251 1494 1278 1541 1⁵

119 1580 225 1646 cundo
247 1591 382 1668 oportet.
413 1580 507 1663 Quae
527 1603 619 1646 raros
640 1582 738 1647 habet
758 1581 861 1647 nodos
874 1581 1048 1646 infecunda
1061 1579 1237 1656 iudicatum

119 1681 261 1748 densitas
288 1705 486 1769 gemmarum
515 1682 690 1746 fertilitatis
719 1682 874 1747 indicium
902 1692 961 1747 est.
1003 1680 1146 1763 Quidam
1175 1681 1239 1746 seri

118 1791 228 1846 vetant
248 1782 312 1847 nisi
333 1805 387 1848 eos
408 1783 464 1867 qui
485 1781 651 1848 floruerint
665 1785 820 1849 surculos.
850 1781 994 1870 Sagittae
1011 1754 1118 1848 sei-ers
1130 1781 1239 1848 minus

118 1882 211 1961 utile,
240 1885 392 1968 quoniam
418 1883 452 1948 in
481 1884 703 1950 transferendo
734 1883 829 1950 facile
849 1884 1009 1970 rumpitur
1030 1883 1118 1967 quod
1136 1883 1238 1948 intor-

118 1996 187 2050 tum
206 1984 278 2050 firir.
312 1981 472 2050 Seruntur
493 1985 617 2071 pedali,
645 2008 709 2049 non
730 1985 902 2063 breviores,
924 1984 1123 2072 longitudine
1144 1982 1238 2069 quin·

117 2107 182 2169 que
204 2108 302 2152 sexve
322 2087 494 2163 nodorum;
527 2084 696 2171 pauciores
724 2085 826 2151 tribus
852 2085 988 2174 gemmis
1009 2085 1044 2149 in
1063 2084 1126 2151 hoc
1147 2106 1238 2150 men-

118 2209 194 2251 sura
214 2208 285 2251 esse
310 2210 374 2252 uon
401 2197 561 2271 poterunt
598 2185 703 2251 Inseri
730 2187 842 2252 eodem
871 2187 926 2252 die
950 2209 1015 2271 qno
1042 2186 1238 2273 deputentur
1251 2200 1280 2247 tt

117 2285 338 2365 utilissimum3
370 2287 398 2351 si
425 2288 525 2351 multo
551 2297 665 2372 postea
691 2309 825 2354 necesse
852 2289 895 2354 sit
923 2310 1029 2353 serere
1050 2285 1237 2365 custoditos,

117 2386 164 2450 uti
185 2388 418 2473 praecepimus,
446 2388 552 2452 caveri
577 2388 690 2470 utique
717 2411 757 2453 ne
787 2398 878 2454 extra
906 2398 1024 2454 terram
1050 2386 1150 2474 positi
1171 2386 1237 2452 sole

117 2487 309 2564 inarescant,
330 2499 425 2553 vento
447 2498 503 2552 aut
523 2488 642 2576 fiigore
660 2488 861 2555 hebetentur.
884 2488 952 2571 Qui
966 2487 1089 2554 diutius
1103 2487 1137 2553 in
1152 2487 1238 2554 sicco

117 2586 239 2651 luerint
266 2588 357 2674 prius
384 2611 481 2673 quam
513 2599 659 2653 serantur
687 2589 721 2653 in
743 2611 827 2674 aqua
846 2588 993 2677 pluribus
1015 2589 1130 2655 diebus
1150 2588 1257 2661 rovi·,

116 2699 255 2754 rescant.
285 2687 397 2755 Solum
419 2690 564 2776 apricum
586 2701 618 2755 et
640 2713 736 2774 quam
757 2692 989 2777 amplissimum
1010 2691 1044 2754 in
1067 2688 1237 2755 seminario
1250 2703 1280 2751 tu

117 2788 185 2855 sive
211 2790 245 2855 in
274 2791 369 2856 vinea
395 2790 525 2856 bidente
552 2791 707 2877 pastinari
736 2790 832 2856 debet
858 2803 966 2857 ternos
994 2791 1094 2878 pedes
1116 2790 1237 2877 bipalio

115 2891 192 2969 alto,
220 2914 325 2956 marra
352 2890 429 2957 reici
452 2903 642 2975 quaternum
663 2891 783 2978 pedum
803 2892 970 2970 fermento,
997 2891 1043 2956 ita
1070 2903 1109 2957 ut
1135 2891 1236 2979 pedes

116 2989 209 3056 binos
230 2991 317 3059 fossa
339 2992 503 3080 procedat,
524 2993 647 3057 fossum
668 2992 802 3079 purgari
824 3004 855 3058 et
877 2993 1017 3070 extendi,
1038 3015 1080 3058 ne
1101 2992 1238 3058 crudum

149 3196 293 3259 renascendi,
306 3215 329 3248 u.

150 3265 165 3326 ς
179 3267 235 3312 156.
252 3271 319 3311 catus
330 3273 370 3324 est,
382 3269 444 3316 adr.
468 3275 542 3328 sotus,
553 3264 583 3329 β.
603 3309 633 3318 ..
649 3267 737 3331 primo,
749 3269 774 3318 d.
792 3308 824 3317 ..
842 3274 970 3328 sarmento,
986 3260 1086 3317 OTad.
1107 3273 1236 3327 carnunto,

116 3323 167 3392 βγ.
188 3370 221 3378 ..
248 3337 392 3392 amputatur,
405 3333 436 3380 Τ.
461 3373 491 3381 -
518 3342 541 3381 et
556 3332 638 3394 durus,
654 3336 687 3384 K.
706 3375 738 3383 -
765 3351 815 3384 cum
830 3348 880 3393 tuo,
896 3336 985 3385 Dulce.
1004 3375 1037 3383 ..
1063 3333 1199 3395 atrismanus,
1212 3336 1237 3385 d.

117 3396 257 3456 etiamnunc,
270 3413 293 3446 u.
313 3437 343 3444 -
354 3398 416 3459 fine,
429 3413 451 3446 a.
466 3437 496 3446 -
515 3397 585 3461 quod,
598 3402 689 3449 Tadr.
704 3409 805 3465 propter
816 3401 886 3464 quod,
897 3399 948 3465 βγ.
961 3442 992 3451 -
1011 3399 1080 3463 iden,
1093 3403 1167 3452 codd.
1180 3401 1236 3453 (iel.

117 3461 145 3511 id
155 3463 222 3522 enim,
235 3465 279 3514 ad.
297 3461 367 3511 iidem
379 3479 477 3526 quoque,
488 3465 579 3514 Dalec.

151 3534 236 3595 5157.
254 3531 357 3595 rapinas
366 3529 453 3591 sterile,
465 3532 498 3582 K.
518 3571 549 3579 -
572 3547 608 3591 ne,
623 3533 648 3581 d.
669 3572 699 3580 -
718 3531 834 3597 fecundo,
846 3552 869 3585 a.
888 3534 1006 3598 secunda,
1019 3539 1043 3586 d.
1060 3534 1237 3599 secundus,K.

119 3641 149 3648 -
169 3595 442 3657 babent-iudicantur,
454 3599 487 3648 Κ.
507 3637 537 3646 ..
561 3594 673 3658 densitas,
685 3600 759 3649 Tad.
785 3600 820 3649 At
832 3600 943 3665 densitas,
954 3599 1006 3668 βγ.
1025 3644 1056 3652 ..
1079 3604 1237 3667 breviorem

120 3705 149 3715 -
168 3681 236 3714 serve
248 3665 368 3723 donorum,
381 3667 405 3714 d.
422 3681 480 3714 acan
492 3663 625 3726 odoacrum,
637 3681 660 3714 a.
674 3707 704 3714 -
720 3668 841 3731 pauciore,
853 3686 876 3720 u

152 3730 236 3792 §lou
257 3740 357 3796 putatur
371 3730 526 3781 utilissimum
550 3730 696 3793 Simultum,
711 3750 731 3782 r.
750 3776 780 3784 -
805 3736 1041 3799 amtoditodmdd.
1059 3778 1090 3787 ..
1111 3738 1238 3802 praeomi-

118 3815 169 3847 nur
184 3802 199 3863 ξ
215 3805 269 3849 114.
289 3841 320 3849 ..
347 3799 433 3860 caveri,
450 3817 473 3850 a.
486 3815 589 3861 ,cavere
606 3803 659 3851 Td.
686 3809 776 3865 oportet
790 3806 924 3867 cavere,K.
948 3845 971 3853 -
998 3798 1157 3866 vento,Oud.
1184 3822 1237 3855 vm-

119 3873 176 3925 tove,
187 3861 238 3930 βγ.
257 3906 288 3915 -
307 3866 453 3928 reviviscant,
465 3867 498 3918 K.

153 3931 167 3994 5
182 3939 237 3984 159.
261 3933 415 3997 aprutinum,
433 3935 579 3986 Schneider.
594 3938 626 3987 ad
638 3937 774 3989 Columell.
787 3938 836 3989 111.
850 3944 873 4000 5,
886 3944 909 3989 2.
929 3947 969 4002 1³,
982 3947 1006 3992 8.
1026 3981 1056 3990 ..
1080 3955 1172 4001 norro,
1185 3942 1238 3992 a²d

119 3999 205 4063 (codd.
219 3999 289 4064 Gel.)
312 4017 412 4062 marma,
423 4006 461 4051 a'.
479 4044 510 4053 ..
526 4004 655 4067 fermento,
671 3997 771 4056 duan.
786 4006 944 4069 ferramento,
955 4004 984 4070 β.
1006 4009 1090 4058 Multa
1101 4009 1144 4057 hic
1156 4016 1239 4058 mutat

118 4069 206 4118 Dalcc.
226 4111 256 4118 -
280 4069 359 4129 itaut,
376 4071 438 4119 adr.
464 4068 620 4134 inimicust.
641 4113 671 4121 ..
690 4073 864 4136 fossatumK.
884 4115 914 4124 ..
942 4076 1088 4138 cerumad.
1115 4083 1237 4137 verumet,

119 4136 173 4198 Κγ.
194 4176 221 4184 -
241 4152 381 4197 mansuram,
393 4140 425 4187 K.
445 4179 475 4187 ..
495 4135 646 4202 deprendunt,
658 4155 681 4188 a.
699 4138 880 4202 deprehendunt,
893 4137 965 4206 dssr.
985 4185 1015 4193 ..
1031 4141 1144 4206 pulvinis,
1156 4144 1189 4193 K.
1200 4154 1237 4193 ’-

120 4200 231 4266 lonqr'ore,
248 4220 331 4267 super3
354 4220 401 4268 pro
420 4205 460 4256 his
476 4221 515 4255 vv.
533 4207 612 4257 babet
629 4205 733 4269 louprbre
749 4223 859 4272 semper
874 4226 901 4269 a,
924 4209 1040 4275 lonpiorea
1056 4208 1102 4258 boc
1117 4226 1190 4275 super
1206 4210 1237 4271 T,

121 4267 236 4335 lonpiorea
247 4270 304 4322 laec
314 4288 392 4336 super,
406 4275 430 4323 d.
444 4314 474 4323 -
493 4288 573 4336 quon,
584 4274 658 4325 Tad.
671 4313 703 4323 ..
718 4274 863 4339 pinpniorea,
875 4278 947 4329 Tad.
963 4319 993 4328 -
1006 4293 1048 4327 noe
1057 4277 1143 4339 minuo,
1156 4279 1237 4330 omitt.
