2754 4726
308 303 378 351 mn.
392 305 466 352 xvr.
494 303 572 352 car.
587 306 796 354 xum-xxx.
823 302 922 354 sncr.
937 308 1021 352 aaa.
1176 292 1214 355 21

104 453 347 540 pulchrioraque
367 454 401 519 in
423 455 673 543 campestribus,
696 456 825 522 meliora
845 458 977 524 materie
998 458 1215 546 crispioraque

103 556 137 621 in
157 555 330 633 montibus,
352 556 495 643 exceptis
515 554 606 622 malis
628 556 781 644 pirisque.

144 656 248 721 XIX.
277 659 328 722 32.
365 656 538 724 Praeterea
563 658 713 724 arborum
741 658 812 724 aliis
839 659 992 725 decidunt
1016 661 1107 740 folia,
1135 660 1260 726 aliaeu

50 820 71 839 f
104 763 297 845 sempiterna
318 781 408 824 coma
427 759 542 838 virent,
565 782 662 845 quam
676 754 887 826 differentiam
902 762 1069 827 antecedat
1084 785 1215 829 necesse

104 869 151 924 est
172 859 268 944 prior.
306 857 391 925 Sunt
418 861 503 926 enim
528 861 678 929 arborum
707 862 864 946 quaedam
891 863 1018 928 omnino
1045 864 1215 943 silvestres,

104 961 257 1045 quaedam
283 960 487 1042 urbaniores,
517 962 667 1047 quoniam
692 963 742 1029 his
768 964 873 1050 placet
898 964 1080 1030 nominibus
1101 965 1214 1031 distin-

104 1085 209 1150 guere.
237 1061 309 1128 Hae
324 1064 428 1142 mites,
451 1087 532 1148 quae
547 1065 654 1130 fructu
668 1076 724 1130 aut
745 1066 851 1149 aliqua
872 1066 946 1132 dote
966 1064 1215 1153 umbrarumque

61 1196 65 1200 >
106 1164 205 1231 officio
226 1165 397 1231 humanius
417 1167 539 1245 iuvant,
561 1189 625 1231 non
646 1165 780 1254 inprobe
802 1166 948 1232 dicantur
967 1167 1119 1255 urbanae.

142 1266 228 1331 XX.
250 1268 301 1332 33.
323 1266 450 1331 Harum
464 1267 575 1355 generi
589 1291 652 1332 non
667 1268 818 1333 decidunt
838 1268 936 1349 oleae,
951 1257 1059 1347 lauro,
1080 1270 1213 1356 palmae,
1228 1287 1259 1333 79

109 1380 220 1453 myrto,
250 1367 426 1454 cupressis,
453 1369 553 1455 pinis,
582 1369 734 1446 hederae,
756 1369 979 1437 rhododendro
999 1380 1046 1450 et,
1069 1371 1214 1455 quamvis

110 1468 199 1535 herba
214 1469 351 1547 dicatur,
375 1469 513 1535 sabinae.
536 1469 804 1548 Rhododendron,
825 1481 862 1534 ut
881 1472 1008 1537 nomine
1029 1472 1172 1558 adparet,
1194 1494 1214 1537 a

112 1567 237 1636 Graecia
259 1569 362 1647 venit3
386 1571 439 1641 alii
453 1571 576 1637 nerium
594 1583 758 1649 vocarunt,
780 1572 834 1637 alii
847 1572 1107 1659 rhododaphnen,
1129 1594 1213 1638 sem-

115 1671 262 1757 piternum
283 1671 405 1751 fronde,
427 1694 520 1739 rosae
541 1673 758 1752 similitudine,
780 1673 925 1741 caulibus
938 1674 1140 1750 fruticosum
1162 1673 1213 1738 iu-

116 1775 215 1839 mentis
237 1775 407 1860 caprisque
430 1784 463 1841 et
483 1773 597 1840 ovibus
617 1798 782 1841 venenum·
794 1786 852 1854 est,
873 1775 958 1842 idem
971 1776 1091 1843 homini
1105 1789 1214 1841 contra

120 1877 299 1961 serpentium
321 1898 445 1941 venena
465 1876 617 1941 remedio.

149 1976 242 2043 XXL
268 1975 471 2043 Silvestrium
490 1976 618 2061 generis
640 1975 716 2042 folia
736 1999 799 2041 non
815 1977 968 2043 decidunt
981 1977 1088 2055 abieti,
1110 1978 1210 2057 larici,
1225 1994 1258 2040 eo

109 2076 258 2165 pinastro,
281 2077 446 2164 iunipero,
469 2078 579 2156 cedro,
602 2077 798 2156 terebintho,
820 2078 922 2157 buxo,
944 2077 1025 2159 ilici,
1049 2077 1210 2162 aquifolio,

120 2179 220 2260 suberi,
243 2192 329 2258 taxo,
350 2178 504 2245 tamarici.
540 2178 631 2244 Inter
651 2190 785 2264 utraque
806 2202 925 2268 genera
947 2191 1021 2245 sunt
1041 2180 1211 2247 andrachle

118 2277 286 2347 inGraecia
308 2291 340 2346 et
360 2281 477 2365 ubique
498 2281 620 2357 unedo;
641 2280 765 2366 reliqua
787 2281 870 2346 enim
891 2281 965 2346 folia
986 2282 1140 2348 decidunt
1160 2282 1210 2348 his

117 2393 319 2469 praeterquam
341 2382 375 2447 in
397 2382 623 2449 cacuminibus.
645 2380 718 2448 Non
737 2382 889 2448 decidunt
909 2394 1015 2447 autem
1036 2393 1067 2448 et
1086 2384 1120 2448 in
1139 2382 1208 2447 fru-
1301 2374 1308 2391 ’

118 2481 196 2549 ticum
221 2507 338 2572 genere
368 2484 579 2568 quibusdam,
603 2483 698 2561 rubo,
726 2485 856 2550 calamo.
892 2483 932 2549 In
955 2480 1098 2550 Thurino
1119 2507 1207 2575 agro,
1221 2501 1252 2544 er

116 2581 161 2649 ubi
179 2582 312 2671 Sybaris
338 2586 413 2663 fuit,
444 2609 485 2651 ex
510 2585 580 2671 ipsa
606 2584 685 2650 urbe
711 2584 969 2672 prospiciebatur
989 2607 1124 2669 quereus
1145 2609 1209 2651 una

113 2704 270 2772 numquam
296 2687 372 2753 folia
397 2686 560 2751 dimittens
585 2708 646 2752 nec
667 2699 740 2752 ante
761 2686 897 2752 mediam
918 2694 1069 2751 aestatem
1090 2686 1208 2773 germi-

112 2807 195 2868 nans3
223 2790 321 2875 idque
347 2789 462 2854 mirum
489 2798 538 2854 est
566 2785 702 2854 Graecis
728 2789 910 2855 auctoribus
939 2787 1101 2874 proditum
1123 2785 1209 2871 apud

110 2900 283 2975 uospostea
298 2888 393 2954 sileri.
429 2887 514 2955 Nam
534 2888 676 2956 locorum
697 2899 785 2955 tanta
806 2889 855 2954 vis
877 2900 926 2954 est
946 2900 982 2953 ut
1003 2888 1089 2953 circa
1102 2883 1208 2951 Mem·

109 2987 186 3075 phim
213 2991 360 3078 Aegypti
388 3002 419 3056 et
446 2990 480 3057 in
505 2990 719 3078 Elephantine
747 2990 921 3057 Thebaidis
953 2988 1032 3054 nulli
1060 2986 1208 3053 arborum

110 3086 254 3171 (lucidant,
277 3117 317 3159 ne
340 3092 457 3159 vitibus
478 3092 617 3177 quidem.
1040 3136 1043 3142 -

109 3331 137 3380 V.
146 3332 261 3384 Wunder.
280 3351 330 3384 var.
343 3337 412 3385 lectt.
429 3350 462 3384 ex
475 3335 604 3386 Ciceronis
622 3335 677 3383 cod.
694 3334 788 3386 Erfurt.
806 3351 830 3399 p.
843 3334 953 3386 xcvn.
972 3377 1003 3384 ..
1022 3335 1085 3396 Hae,
1107 3329 1205 3384 OTad.

107 3395 160 3458 Boe,
170 3417 190 3451 r.
207 3400 283 3467 Erpa,
295 3397 324 3462 β.
343 3444 374 3452 ..
392 3403 580 3465 umbrarumque,
592 3403 663 3452 Tad.
686 3404 852 3465 umbrarumue,
864 3399 914 3468 βγ.
934 3445 965 3453 -
984 3403 1103 3465 humanos,
1115 3404 1205 3452 Dalec.

108 3506 133 3517 -
150 3467 267 3520 vivunt..
278 3469 393 3531 dt'cuutur,
405 3488 425 3520 r.

135 3558 198 3623 tte.
218 3563 302 3627 quaeri
309 3561 376 3624 folia
386 3579 439 3625 non,
454 3564 543 3613 Dalec.
559 3563 593 3613 V.
606 3563 737 3627 Theophr.
748 3564 766 3612 l.
779 3565 796 3612 l.
810 3563 830 3612 I.
844 3570 867 3623 9,
881 3571 904 3614 3.
923 3606 954 3614 -
970 3562 1073 3627 palmae,
1087 3578 1136 3611 om.
1149 3564 1205 3612 eod.

105 3629 214 3694 antimus
225 3631 333 3683 Salmas.
346 3646 428 3681 exero.
440 3645 464 3694 p.
478 3627 533 3681 669.
546 3648 569 3682 a.
580 3633 610 3682 F.
630 3672 661 3680 -
678 3630 800 3694 cupressu,
816 3623 844 3679 θ.
869 3647 983 3696 cupream,
996 3625 1087 3695 adssr.
1106 3672 1136 3680 ..
1156 3629 1205 3693 spi-

105 3696 176 3759 u'aa
194 3740 224 3751 ..
243 3706 307 3748 et..
317 3697 421 3761 sabinae,
442 3690 527 3749 Oadr.
553 3697 731 3760 Et..sabiua,
745 3694 775 3761 β.
794 3700 827 3748 V.
839 3700 981 3750 Mercurial.
994 3715 1044 3748 var.
1057 3700 1114 3748 lect.
1129 3704 1151 3759 4,
1166 3703 1205 3747 15.

106 3802 134 3813 -
149 3765 243 3829 nubea,
255 3767 301 3815 ad.
319 3765 407 3826 narica
418 3761 469 3831 βγ.
488 3807 519 3816 -
537 3765 685 3830 serpiterna,
696 3768 729 3816 K.
747 3808 778 3816 ..
797 3764 916 3827 calicibus,
928 3768 988 3817 Pius
999 3774 1096 3816 annott.
1109 3765 1126 3816 s.
1140 3773 1180 3816 34.

133 3859 198 3921 530.
220 3856 357 3920 andrachle,
370 3858 477 3910 Salmas.
494 3873 575 3910 exere.
587 3874 612 3923 p.
625 3865 683 3910 ³62.
696 3877 719 3909 a.
730 3862 761 3910 F.
785 3858 916 3920 oadrada,
928 3862 964 3909 ad
981 3857 1094 3922 (Thoan.
1108 3859 1205 3910 Salma-

103 3921 150 3987 ni).
165 3923 286 3988 manete,
297 3928 378 3978 altera
389 3927 504 3979 Salmasii
516 3929 665 3978 coniectura.
683 3925 810 3988 adraclma
821 3929 926 3977 Barbar.
938 3925 988 3992 βγ.
1006 3929 1039 3977 V.
1051 3931 1084 3977 ad
1098 3933 1136 3987 13,
1149 3931 1204 3976 120.

105 3990 216 4045 Oetemm
228 4011 251 4045 v.
264 3996 395 4058 Theophr.
407 3997 425 4044 1.
436 3997 454 4044 l.
466 3995 488 4044 L
500 4001 524 4055 9,
536 4002 560 4045 3.
580 4035 610 4044 ..
628 3993 775 4058 qubusdam,
786 4012 805 4044 r.
823 3993 924 4057 cuidam,
936 3991 1027 4059 adflr.
1041 3996 1075 4045 V.
1086 3994 1204 4047 Schneid.

104 4059 294 4192 ¹&queopha
310 4078 331 4113 s.
347 4078 371 4113 v.
388 4057 484 4125 βάτος,
503 4065 579 4114 Tam.
593 4064 627 4114 V.
644 4079 669 4128 p.
682 4068 739 4114 332.
758 4100 789 4114 .-
813 4060 913 4124 calaraa,
926 4065 950 4113 d.
977 4061 1072 4123 calami,
1084 4079 1108 4112 a.
1131 4069 1154 4110 et
1164 4077 1205 4110 aa·

160 4166 168 4191 ,
209 4145 235 4196 r·

133 4216 196 4279 501.
214 4212 277 4266 uulb'
286 4213 405 4276 arbonem,
416 4217 470 4266 Tu.
487 4213 566 4264 nullae
577 4215 682 4277 arbores,
695 4233 717 4265 a.
736 4212 796 4265 ualli
806 4214 892 4275 arbori,
902 4211 953 4280 βγ.
