2754 4726
118 313 160 375 34
471 324 675 372 aerumnis
696 322 891 370 msromsn

117 479 300 561 multaeque
324 476 529 552 silvestrium,
552 497 569 538 e
592 474 709 558 quibus
730 473 872 539 montani
894 469 1083 557 praetenuia
1104 469 1159 536 fila
1179 471 1242 538 de·

118 588 285 665 cerpentes
307 575 488 665 spectabilis
508 575 641 661 lagenas
668 585 702 640 et
728 573 789 639 elia
817 593 896 638 vasa
916 579 1057 638 nectunt.
1094 568 1243 653 Quidam
1261 590 1292 634 ra

117 702 181 745 non
208 679 303 744 altius
330 677 523 743 descendere
552 674 679 740 radices
706 696 803 758 quam
830 672 905 739 solis
941 672 1026 738 calor
1058 671 1242 758 tepefaciat,

116 781 213 865 idque
234 789 348 845 natura
368 777 429 845 loei
452 774 605 842 tenuioris
627 774 768 841 crassive
790 774 911 852 dixere,
938 772 1165 856 quodfalsum
1184 795 1242 836 ar-

117 881 235 958 bitron
272 880 361 967 apud
388 888 535 943 auctores
562 887 649 941 certe
677 875 855 951 invenitur,
887 873 1002 943 abietis
1028 873 1139 961 plenta
1165 897 1244 941 eum

117 982 353 1056 transferretur,
382 1001 441 1043 vm
464 975 644 1043 cubitorum
666 977 701 1041 in
722 976 906 1053 altitudine,
936 998 996 1041 neo
1018 987 1115 1040 totam
1137 974 1242 1042 refoe-

119 1103 189 1147 sam
220 1081 277 1146 sed
309 1078 488 1164 abruptam.
538 1076 695 1142 Maxuma
730 1076 833 1163 spatio
860 1087 957 1159 atque
982 1075 1182 1162 plenitudine
1208 1087 1245 1142 et

118 1182 190 1247 citri
213 1192 276 1259 est3
306 1180 346 1246 ab
369 1202 407 1245 ea
426 1178 560 1266 platani,
587 1178 712 1244 roboris
734 1189 765 1244 et
787 1177 1048 1265 glandiferarum.
1087 1175 1243 1259 Quarun-
1259 1195 1292 1240 ra

118 1282 192 1347 dam
214 1282 307 1347 radix
328 1281 468 1347 vivacior
491 1279 669 1367 superficie,
697 1290 734 1345 ut
760 1278 860 1354 lauri3
887 1279 996 1363 itaque
1026 1300 1099 1343 eum
1127 1288 1244 1346 trunco

118 1381 249 1460 inaruit,
274 1383 377 1448 recisa
399 1382 496 1447 etiam
516 1381 630 1448 laetius
652 1380 794 1446 fruticat.
818 1378 961 1461 Quidam
974 1379 1131 1445 brevitate
1153 1379 1244 1445 radi-

119 1505 193 1548 cum
214 1483 351 1549 celerius
374 1505 540 1553 senescere
562 1482 692 1549 arbores
719 1493 846 1569 putant,
875 1481 962 1566 quod
988 1491 1168 1567 coarguunt
1187 1479 1245 1548 fici

118 1605 255 1668 quarum
281 1584 405 1648 radices
434 1583 641 1670 longissimae
671 1594 703 1647 et
732 1594 881 1648 senectus
910 1583 1067 1648 ocissima
1106 1582 1246 1649 Falsum

120 1682 258 1750 arbitror
280 1696 313 1750 et
333 1684 420 1768 quod
442 1683 540 1767 aliqui
559 1683 732 1768 prodidere
754 1683 878 1750 radices
905 1685 1055 1751 arborum
1082 1693 1246 1750 vetustate

121 1785 240 1860 minui;
269 1785 338 1850 visa
360 1785 445 1851 enim
467 1796 517 1850 cst
542 1807 664 1851 annosa
692 1807 829 1869 quercus
856 1808 968 1853 eversa
989 1785 1190 1871 tempestatis
1212 1785 1244 1852 vi

120 1886 270 1975 iugerum
292 1886 349 1952 soli
372 1886 529 1972 amplexa.

164 1988 214 2052 57.
247 1985 433 2052 Prostratas
454 1986 579 2053 restitui
607 1987 795 2071 plerumque
819 1997 850 2052 et
871 1987 1010 2071 quadam
1032 1998 1134 2054 terrae
1158 1988 1244 2055 ciae-
1258 2003 1292 2049 ta

123 2087 199 2153 trice
221 2088 382 2154 vivescere
404 2089 533 2174 volgare
549 2098 613 2163 est3
635 2087 918 2154 familiarissimum
932 2088 993 2154 hoe
1007 2089 1143 2175 platanis
1158 2111 1244 2173 quae

123 2187 306 2271 plurumum
328 2199 494 2254 ventorum
516 2187 701 2274 concipiunt
721 2199 853 2275 propter
867 2189 1057 2255 densitatem
1070 2212 1244 2267 ramorum,

121 2285 239 2371 quibus
269 2290 442 2375 amputatis
470 2290 575 2355 levato
608 2312 704 2355 onere
732 2291 766 2355 in
793 2314 852 2355 sua
884 2290 996 2357 scrobe
1027 2303 1243 2377 reponuntur;

122 2389 305 2472 factumque
333 2391 398 2454 iam
425 2403 474 2457 est
495 2390 555 2457 hoc
578 2400 609 2455 et
629 2391 662 2455 in
683 2391 890 2477 iuglandibus
912 2392 1052 2476 oleisque
1074 2415 1113 2458 ac
1134 2393 1244 2458 multis

122 2489 205 2554 aliis.
243 2489 401 2556 XXXII.
430 2491 493 2557 Est
520 2491 553 2556 in
584 2492 739 2577 exemplis
766 2503 799 2558 et
826 2493 893 2558 sine
923 2503 1111 2579 tempestate
1137 2493 1243 2561 ullave
1258 2509 1292 2554 1³*

122 2663 287 2722 grammatico
300 2664 448 2714 destitutum
460 2664 560 2714 videbit.
579 2664 638 2724 Quo
651 2666 717 2714 enim
730 2663 851 2714 reseratur
862 2663 921 2712 iaec
933 2673 958 2714 et
970 2667 1029 2729 quid
1041 2665 1116 2716 facies
1128 2681 1161 2715 ex
1174 2667 1244 2717 miris

122 2728 281 2779 nominativis
291 2731 356 2780 abne
365 2730 502 2794 multaeque,
512 2733 556 2794 qni
565 2735 631 2782 nude
643 2734 695 2796 apti
707 2732 765 2794 sint,
778 2748 853 2781 nemo
864 2733 1059 2783 demonstrabit?
1077 2735 1167 2798 Neque
1176 2735 1244 2784 enim

123 2795 179 2859 ipsa
189 2797 257 2846 abies
269 2799 415 2862 multaeque
426 2800 579 2848 silvestrium
591 2801 636 2847 illa
648 2801 827 2863 capillamenta
838 2801 941 2863 gignere
954 2802 1082 2862 dicuntur,
1101 2804 1144 2852 sed
1156 2816 1243 2852 earum

121 2863 226 2913 radices.
244 2865 358 2915 Primum
366 2866 443 2928 igitur
452 2881 484 2915 ex
495 2867 607 2929 vestigiis
619 2868 733 2916 codicum
745 2867 917 2917 scribendum:
926 2867 1020 2916 minutr‘e
1031 2866 1128 2928 liae(sc.
1137 2869 1243 2929 radices,

123 2945 187 2992 quae
198 2933 313 2982 flexuoso
326 2942 411 2983 meatu
423 2931 612 2996 expanduntur)
625 2931 796 2995 capillamentis
808 2932 919 2997 hirsutae,
932 2944 960 2985 ut
972 2937 1035 2985 haec
1047 2937 1187 2986 enuntiatio
1199 2951 1245 3000 per

123 2999 309 3060 appositionem
327 3001 497 3065 superioribus
509 3009 662 3054 annectatur.
685 3002 784 3050 Deinde
796 3004 920 3064 quaedam
933 3004 1072 3053 exciderint
1083 3019 1185 3054 necesse
1197 3011 1244 3064 est,

123 3066 192 3126 quod
205 3067 264 3115 inde
276 3069 411 3118 certissime
423 3069 495 3131 sequi
506 3069 611 3128 videtur,
630 3071 697 3130 quod
709 3070 823 3117 montani
836 3085 882 3118 sua
893 3085 954 3120 vasa
966 3085 1019 3119 non
1031 3085 1045 3118 s
1057 3071 1244 3134 capillamentis

122 3133 214 3181 radicis
225 3134 273 3192 fici,
291 3136 335 3183 sed
351 3136 439 3185 abietis
451 3136 607 3198 aliarumque
618 3136 770 3185 silvestrium
781 3139 923 3187 nectebant
947 3138 1044 3198 Quodsi
1056 3140 1244 3202 perpendimus,

123 3212 200 3260 quam
218 3214 293 3262 saepe
310 3217 386 3252 voces
403 3203 541 3252 interierint
558 3218 604 3267 per
619 3204 807 3253 similitudinem
832 3205 982 3260 vicinarum,
1004 3221 1058 3254 nou
1073 3205 1244 3269 improbabile

123 3264 184 3312 mihi
197 3276 234 3314 est
253 3267 364 3317 Plinium
380 3269 508 3333 scripsisse
523 3285 559 3318 ea
571 3267 618 3330 (se.
630 3269 823 3334 capillamenta)
836 3270 922 3320 labet
938 3279 964 3319 et
979 3271 1046 3320 abiet
1057 3271 1189 3336 multaeque
1200 3270 1243 3322 sil-

125 3330 243 3394 vestrium,
257 3373 287 3380 -
307 3332 426 3397 lupanas,
438 3351 460 3384 a.

156 3399 241 3460 5129.
266 3400 382 3462 tenuioris,
395 3403 449 3451 Τὰ.
476 3402 661 3462 tenuiores,aK.
681 3445 711 3452 -
730 3405 900 3468 nassive‚D'·'.
925 3404 1122 3470 praedaqu'.
1147 3405 1243 3468 praesb·

122 3463 186 3524 aare,
199 3481 222 3515 a.
247 3465 366 3530 manuve,
379 3469 431 3519 Td.
458 3466 666 3530 warmacan.
693 3473 852 3533 οναεεὼνὺυε,
869 3468 920 3538 fir,
949 3473 1062 3522 tenuiores
1072 3471 1243 3536 siveqrandie-

104 3584 105 3589 η
122 3530 196 3581 simae
207 3531 302 3595 dnae,
319 3534 432 3599 Scaliger
449 3539 480 3587 ad
497 3536 627 3601 Theophr.
641 3539 698 3590 hist.
711 3542 791 3604 plant.
803 3556 828 3605 p.
842 3545 896 3601 37.,
914 3556 990 3604 quem
1001 3557 1024 3591 v.
1037 3541 1096 3590 ibid.
1109 3539 1130 3589 L
1145 3544 1168 3600 7,
1183 3546 1205 3591 1.
1219 3549 1245 3591 et

123 3599 154 3648 de
166 3614 234 3651 caus.
250 3603 330 3664 plant
347 3604 367 3653 L
387 3607 408 3664 l,
428 3609 467 3654 ta.
490 3645 521 3653 -
550 3604 644 3668 abietis3
664 3608 695 3656 de
710 3608 787 3657 lar-iae
805 3604 916 3686 (usurp)
933 3617 1017 3658 namet
1033 3607 1167 3671 Theophr.
1183 3608 1243 3658 hist

123 3666 202 3729 plant.
214 3667 249 3718 IL
263 3675 286 3729 5,
300 3674 322 3718 2.
347 3711 378 3719 -
398 3669 507 3733 plantae,
518 3673 585 3722 Pint
603 3715 634 3724 -
659 3674 683 3722 in
695 3673 827 3736 altitudine,
840 3691 863 3725 a.
886 3692 911 3724 sn
923 3674 1079 3736 altitudinem,
1091 3675 1145 3726 Td.
1161 3673 1244 3725 altitu

122 3730 176 3792 clane
187 3732 382 3800 radicemfuicse,
393 3740 426 3789 K.
445 3779 476 3788 ..
494 3738 567 3801 cedri,
577 3741 610 3790 K

142 3799 171 3877 '5
185 3807 242 3853 130.
260 3801 349 3866 laurus,
361 3806 385 3855 d.
404 3847 435 3855 -
455 3814 556 3868 trauan,
568 3809 600 3859 K.
620 3849 651 3858 -
670 3806 752 3870 aliqui,
765 3809 789 3858 d
807 3806 885 3871 aliqui
894 3818 928 3872 ut,
941 3827 963 3861 a.
977 3852 1008 3860 -
1027 3817 1142 3860 vetustate
1154 3809 1244 3871 mirem,-

122 3883 182 3928 ussa,
195 3871 219 3919 d.
245 3877 381 3920 vetustatem
393 3871 503 3936 indivisa,
520 3891 542 3925 a
561 3917 591 3924 ..
611 3875 671 3923 enirn
684 3883 725 3934 eet,
741 3867 788 3924 Oa.
815 3877 928 3938 ectenias,
942 3880 965 3928 d.
992 3877 1074 3926 etenim
1086 3883 1127 3937 est,
1139 3873 1191 3942 βγ.
1210 3910 1244 3928 ...

122 3950 226 4013 annuae
237 3945 263 3987 et
273 3953 375 4002 meae,
384 3942 451 3992 Pint.
465 3983 495 3992 ..
513 3942 654 4006 tempestatis
665 3941 696 4003 ui,
709 3944 733 3992 d.
752 3944 894 4005 ternpeetouit
905 3952 938 4006 ut,
951 3963 974 3995 a.
992 3945 1017 3994 vi
1028 3943 1180 4008 tempestatis,
1191 3940 1243 4010 βγ.

122 4040 154 4053 ..
173 4018 285 4067 superum,
298 4009 342 4057 ad.
363 4009 407 4058 eti
437 4025 509 4071 eunt,
520 4005 572 4074 βγ.

155 4068 240 4129 5131.
264 4073 386 4136 vivacem,
427 4080 487 4128 adr.
513 4071 705 4137 revivisceret.
730 4075 846 4128 Ceterum
859 4093 883 4127 v.
896 4078 1028 4143 Theophr.
1041 4082 1058 4130 1.
1072 4081 1089 4130 1.
1102 4079 1150 4130 IV.
1166 4086 1206 4142 16,
1218 4086 1244 4131 2.

121 4175 152 4186 -
162 4137 390 4205 familian'esimum,
403 4145 476 4196 Tad.
493 4141 529 4192 Et
537 4141 629 4206 famil,
641 4139 691 4207 βγ.
703 4185 735 4193 ..
755 4143 839 4207 levato,
851 4146 941 4197 Tadr.
960 4145 1059 4209 leuatae,
1071 4142 1123 4212 βγ.
1142 4189 1174 4198 ..
1193 4164 1245 4211 nto,

120 4205 143 4255 d.
163 4245 195 4254 ..
213 4205 296 4266 locet,
309 4212 354 4261 ad.
373 4209 423 4272 loc,
434 4207 486 4276 βγ.

153 4274 237 4337 §tea
264 4274 324 4339 alia,
337 4293 388 4328 om.
400 4294 420 4329 r.
440 4319 470 4328 ..
496 4276 580 4342 populi
595 4277 713 4341 marat,
734 4272 823 4332 Oadr.
847 4279 936 4346 popule
947 4279 1065 4345 Romana
1082 4283 1198 4335 Brisson.
1211 4285 1245 4335 de
