2754 4726
156 290 197 352 24
501 304 702 351 unrumurs
724 304 917 352 ursronmn

196 457 249 524 ³8.
277 455 450 523 Latissima
469 455 540 533 fico,
562 456 631 534 viti,
654 457 791 544 platano,
813 465 947 543 angusta
968 466 1082 540 myrto,
1109 456 1260 542 punicae,
1278 473 1311 519 ao

155 557 254 637 oleae,
277 557 425 645 capillata
445 557 531 643 pino,
555 558 661 635 cedro,
687 559 832 623 aculeata
851 555 1001 643 aquifolio
1023 568 1056 622 et
1075 556 1182 623 ilicum
1202 579 1263 646 ge·

155 659 235 738 neri,
247 714 286 723 ..
297 682 371 724 nam
385 658 540 744 iuniperis
555 658 648 746 spina
662 681 720 745 pro
734 659 809 724 lolio
824 669 882 738 est,
894 714 933 722 ..
950 680 1083 724 carnosa
1095 666 1263 745 bupresso,

156 761 308 839 tamarici,
330 760 525 826 crassissima
546 760 627 838 alno,
650 761 746 849 longa
766 759 946 839 harundini,
968 759 1064 838 salici,
1087 761 1212 846 palmae
1228 769 1266 826 et

155 863 304 951 duplicia,
327 862 478 928 circinata
498 861 585 948 piro,
614 875 799 927 mucronata
819 861 916 940 malo,
938 862 1093 951 angulosa
1112 860 1263 940 hederae,

156 964 260 1030 divisa
280 960 418 1050 platano,
439 964 562 1028 insecta
575 963 735 1048 pectinum
754 963 849 1027 modo
862 963 983 1049 piceae,
1004 962 1112 1040 abieti,
1135 963 1266 1029 sinuosa

157 1077 223 1132 toto
244 1065 364 1131 ambitu
386 1063 507 1141 robori,
538 1063 667 1149 spinosa
688 1074 761 1129 cute
781 1062 872 1128 rubo.
907 1062 1075 1129 Mordacia
1097 1074 1169 1129 sunt
1189 1065 1264 1150 qui-
1279 1081 1310 1127 ar

156 1167 303 1246 busdam,
319 1177 354 1231 ut
367 1166 488 1243 urticis,
498 1166 674 1252 pungentia
686 1165 771 1252 pino,
786 1166 907 1252 piceae,
922 1165 1029 1242 abieti,
1043 1165 1141 1244 larici,
1156 1166 1264 1247 cedro,

157 1267 334 1354 aquifoliis3
356 1266 502 1352 pediculo
516 1266 606 1332 brevi
620 1266 707 1333 oleae
728 1278 760 1332 et
773 1267 850 1346 ilici,
871 1266 966 1354 longo
979 1267 1108 1346 vitibus,
1130 1269 1265 1335 tremulo

156 1369 286 1457 populis
308 1380 341 1433 et
361 1367 474 1433 iisdem
496 1365 572 1432 solis
593 1366 676 1432 inter
698 1390 733 1433 se
754 1366 948 1453 crepitantia.
974 1367 1042 1432 Iam
1063 1367 1149 1433 etin
1169 1391 1265 1455 pomo

156 1471 242 1558 ipso,
271 1468 348 1536 mali
365 1469 502 1554 quodam
528 1469 562 1533 in
587 1491 722 1557 genere,
752 1492 852 1556 parva
876 1468 990 1536 mediis
1015 1469 1150 1536 emicant
1176 1471 1265 1550 folia,

155 1573 284 1639 interim
312 1587 345 1638 et
371 1569 512 1661 gemina3
541 1580 705 1656 praeterea
732 1570 802 1635 aliis
829 1570 914 1636 circa
939 1593 1058 1650 ramos,
1087 1572 1156 1638 aliis
1176 1583 1208 1638 et
1228 1573 1265 1639 in

158 1673 320 1741 cacumine
345 1695 519 1751 ramorum,
551 1670 656 1737 robori
685 1680 717 1736 et
743 1672 777 1735 in
802 1672 932 1738 caudice
959 1673 1039 1759 ipso.
1074 1671 1143 1739 Iam
1163 1674 1267 1740 densa
1280 1688 1315 1733 ⁹2

158 1797 198 1841 aa
222 1797 293 1839 rara
320 1794 506 1859 semperque
532 1772 597 1837 lata
622 1773 759 1850 rariora,
794 1772 949 1860 disposita
973 1786 1092 1859 myrto,
1124 1798 1268 1842 concava

155 1870 255 1954 buxo,
277 1874 456 1939 inordinata
468 1873 582 1960 pomis,
595 1874 698 1961 -plura
719 1874 830 1941 eodem
845 1875 992 1960 pediculo
1013 1876 1160 1943 exeuntia
1173 1877 1268 1944 malis
1289 1941 1291 1945 ,

159 1976 317 2063 pirisque,
336 1976 504 2042 ‘ramulosa
529 1977 615 2043 ulmo
636 1986 669 2041 et
689 1976 801 2061 cytiso.
839 1975 965 2058 Quibus
986 1978 1085 2043 adicit
1107 1975 1188 2045 Cato
1208 1979 1267 2047 dc-

160 2078 254 2145 cidua
275 2101 294 2142 a
315 2079 433 2165 populo
454 2099 651 2162 quernaque,
673 2077 863 2143 animalibus
883 2078 997 2144 iubens
1017 2079 1087 2144 dari
1107 2102 1170 2145 non
1190 2102 1268 2165 per-

160 2180 266 2258 arida,
300 2179 405 2245 bubus
436 2179 565 2262 quidem
597 2189 629 2244 et
662 2179 798 2245 licrdnea
825 2180 988 2268 ilignaque
1015 2191 1048 2246 et
1073 2181 1268 2262 hederacea3

161 2280 278 2345 dantur
300 2291 332 2345 et
354 2303 394 2344 ex
414 2279 591 2345 harundine
613 2302 650 2345 ac
669 2280 771 2346 lauro.
807 2279 971 2347 Decidunt
994 2283 1087 2349 sorbo
1108 2283 1270 2364 universa,

162 2383 274 2448 ceteris
294 2382 455 2468 paulatim.
477 2380 524 2445 Et
545 2382 585 2447 de
607 2381 693 2447 foliis
714 2381 876 2448 hactenus.
966 2428 969 2435 ·

203 2481 318 2548 XXV.
341 2483 392 2548 39.
421 2480 512 2549 Ordo
533 2493 639 2547 autem
660 2495 793 2549 naturae
816 2507 940 2550 annuus
953 2485 998 2550 ita
1013 2507 1047 2550 sc
1061 2485 1165 2551 habet.
1191 2485 1269 2553 Pri·
1283 2498 1319 2544 ⁹³

161 2607 232 2650 mus
259 2595 309 2650 est
334 2595 508 2671 conceptus
535 2584 612 2651 flare
639 2583 810 2670 incipiente
838 2596 932 2651 vento
959 2586 1085 2652 favonio
1111 2609 1152 2653 ex
1176 2609 1204 2651 a.
1235 2589 1269 2653 d.

160 2687 226 2751 fere
247 2709 290 2750 vr.
312 2686 384 2750 idus
405 2685 571 2752 Februari.
607 2685 681 2751 Hoc
707 2686 893 2751 maritantur
920 2686 1112 2753 vivescentia
1133 2710 1150 2753 e
1171 2699 1270 2768 terra,

161 2789 280 2875 quippe
308 2810 380 2853 cum
408 2787 502 2853 etiam
525 2809 624 2872 equae
644 2788 678 2852 in
700 2786 869 2872 Hispania,
892 2798 929 2852 ut
949 2788 1099 2854 diximus.
1134 2788 1199 2868 Hic
1218 2799 1272 2856 est

142 2891 307 2976 ¹genitalis
329 2888 459 2975 spiritus
480 2889 590 2953 mundi
611 2911 631 2952 a
651 2888 786 2954 fovendo
808 2888 922 2969 dictus,
945 2901 982 2954 ut
994 2891 1123 2974 quidam
1143 2890 1270 2957 existu-

160 3015 302 3068 marere3
325 2991 382 3056 flat
402 2990 442 3056 ab
464 3013 578 3058 occasu
599 2989 821 3074 aequinoctiali
842 3013 899 3058 ver
919 2991 1079 3058 inchoans.
1120 2990 1270 3062 catlitio-
1285 3005 1322 3053 se

166 3264 173 3278 .
195 3201 209 3262 ᾖ
222 3203 263 3277 ⁹⁰:
286 3199 440 3279 punicaad.
460 3241 490 3278 ·.·
515 3197 591 3278 licum3
608 3216 630 3250 a.
657 3199 689 3249 In
704 3200 846 3249 universum
863 3199 1217 3278 v.¹1'beopbr.l.l.1.10‚22
1238 3241 1271 3250 -

162 3281 298 3384 quqtpmteqo
299 3259 360 3384 Zaa
362 3282 481 3383 teutpert,
492 3283 512 3316 r.
538 3282 651 3332 tumpcro,
667 3261 737 3330 dssr.
755 3308 787 3316 ..
811 3273 840 3328 et,
856 3281 879 3315 a.
905 3274 982 3329 cnam,
999 3261 1070 3331 ᾱβγ.
1089 3308 1119 3318 ..
1142 3274 1273 3330 comuste,

195 3421 209 3481 ξ
222 3424 263 3468 91.
280 3370 337 3478 ilici,
350 3419 373 3468 d.
392 3415 438 3477 lici,
450 3433 473 3466 a.
493 3456 523 3466 ..
543 3425 566 3467 et
577 3433 606 3467 ea
618 3415 721 3474 caudice,
732 3419 822 3468 Dalec.

195 3501 210 3561 5
222 3507 262 3552 92.
280 3499 353 3560 Nam,
363 3503 386 3551 d.
398 3542 428 3550 ..
440 3498 518 3561 denso,
528 3505 571 3551 ad.
582 3543 612 3551 -
626 3499 762 3550 inordinata
768 3500 884 3565 plurimu,
897 3504 1015 3555 Schneid.
1028 3508 1060 3554 ad
1069 3505 1198 3567 Theophr.
1208 3504 1271 3557 hist.

162 3571 239 3634 plant.
249 3569 269 3618 I.
281 3573 320 3630 10,
330 3574 353 3619 8.
365 3584 389 3632 p.
400 3574 439 3618 69.
460 3609 491 3618 ..
516 3565 812 3631 canceraremur.
830 3611 862 3621 -
884 3569 987 3631 dandae,
1001 3573 1024 3621 d.
1042 3569 1139 3624 caedua.
1150 3573 1217 3622 Pint
1237 3613 1272 3624 ..

162 3653 180 3686 a
187 3637 281 3701 populo,
293 3654 312 3686 r.
336 3652 353 3684 a
360 3633 447 3699 populo
459 3652 483 3696 a,
494 3638 539 3688 ad.
560 3635 669 3700 populea,
681 3639 754 3687 codd.
767 3637 822 3689 Gal.
834 3635 884 3702 βγ.
907 3655 924 3687 a
932 3638 1019 3702 populo
1029 3655 1157 3702 quercuque
1169 3647 1192 3687 et
1202 3637 1268 3690 ulmo

162 3704 251 3766 ouibus,
262 3706 329 3754 Pina
348 3744 379 3752 -
397 3701 513 3766 liquaque,
524 3707 568 3754 ad.
585 3746 617 3754 -
635 3703 726 3766 deutur,
738 3722 760 3756 a.
778 3745 811 3755 ..
828 3722 904 3766 aoruo,
916 3723 939 3756 a.

197 3792 211 3854 §
224 3795 263 3839 93.
280 3796 387 3846 naturae,
399 3802 421 3836 a.
442 3804 459 3835 n
470 3795 564 3851 neura,
575 3792 599 3840 d.
618 3831 649 3839 -
668 3805 697 3838 eu
708 3806 732 3840 a.
745 3788 777 3851 d,
790 3792 933 3841 Pontedera
943 3792 1069 3856 antiquitt.
1082 3807 1106 3855 p.
1120 3798 1176 3842 888.
1197 3791 1272 3853 aad,

163 3859 188 3908 d.
205 3856 267 3916 eain,
279 3871 301 3905 a.
328 3854 427 3913 circiter,
438 3850 488 3921 βγ.
508 3897 539 3906 -
556 3864 628 3917 cento,
639 3853 669 3918 β.
687 3899 718 3908 -
737 3858 833 3917 Februi,
845 3874 867 3907 a
887 3898 915 3906 -
935 3859 997 3920 Hoc,
1009 3862 1070 3910 adr.
1096 3858 1150 3910 Hoc
1161 3858 1228 3918 euim,
1240 3855 1272 3921 β.

165 3967 195 3975 ..
215 3923 362 3981 uiubcentio,
378 3924 466 3973 Dalec.
485 3965 516 3976 ..
538 3924 624 3990 quippe
639 3942 697 3987 cum,
715 3919 828 3976 &Tadu
854 3926 961 3989 quiu,K
988 3923 1080 3990 quast.
1099 3968 1130 3977 ..
1152 3941 1233 3990 oeque,
1247 3945 1272 3979 a.

163 4007 227 4055 eque,
239 3993 269 4042 Τ.
289 4031 318 4040 ..
337 3989 544 4050 diximua8‚166.
564 4033 594 4042 -
613 3993 673 4053 Hoc,
685 4009 708 4043 a.
728 4035 759 4043 -
773 3991 920 4057 succendar.
942 3995 975 4044 V.
988 3994 1124 4057 murtea
1137 3993 1178 4044 lot.
1191 3992 1272 4060 Syuo-

165 4075 225 4124 aym.
239 4067 261 4119 4,
275 4063 331 4110 107.
351 4101 382 4107 -
400 4058 502 4120 noctiali,
514 4062 558 4111 ad.

197 4144 264 4206 594.
285 4140 437 4204 Cctlittbuem,
453 4160 485 4194 ar
501 4141 586 4207 (codd.
598 4147 675 4196 Turn.
689 4148 744 4196 adv.
757 4152 796 4207 24,
812 4143 847 4208 7.)
871 4143 1016 4208 Catitbueu,
1029 4149 1059 4198 Τ.
1080 4144 1231 4203 deditionem,
1246 4150 1271 4198 d.

168 4205 335 4274 Malitiosam,
346 4207 395 4276 βγ.
415 4253 445 4263 ..
463 4228 544 4276 euque,
560 4204 673 4264 edant.
697 4229 775 4276 eoque,
786 4208 835 4279 βγ,
853 4255 885 4263 -
908 4214 1012 4264 animam
1019 4214 1121 4277 serente,
1137 4207 1165 4264 θ.
1188 4213 1272 4278 auimo

165 4277 316 4343 inserentes.
343 4279 576 4344 animeminscreute‚
589 4277 659 4346 dssy.
678 4323 708 4332 ..
732 4288 820 4330 ustura
836 4289 862 4330 ut
876 4281 999 4345 animalia,
1016 4281 1067 4331 cluit
1079 4282 1200 4348 protinus,
1219 4289 1272 4332 ter-
