2754 4726
168 292 231 355 ³62
521 303 725 351 unruaaurs
748 301 943 351 merosus

168 456 266 525 suarii
288 454 455 520 cuiusdam
472 453 698 540 negotiatoris3
721 453 844 519 obierat
865 453 898 519 iu
916 450 1081 517 tribunatu
1103 452 1209 539 plebei
1230 453 1289 516 ad-

168 555 296 623 modum
318 567 430 642 gratus
452 555 634 641 dignusque
655 554 881 621 Afiicanorum
903 552 1038 629 familia,
1072 573 1132 617 nec
1158 563 1230 618 erat
1258 553 1293 617 in

168 656 261 723 bonis
286 656 408 722 timeris
429 655 581 741 inpensa3
608 677 698 721 asses
718 676 797 741 ergo
819 652 953 720 contulit
973 652 1112 738 populus
1133 675 1173 719 ac
1194 654 1291 722 finnus

168 757 304 825 elocavit
325 778 452 841 quaque
466 754 708 842 praeferebatur
720 754 815 821 flores
837 778 855 821 a
868 763 1043 840 prospectu
1057 753 1144 821 omni
1161 756 1292 839 sparsit.

211 859 241 925 8.
272 857 318 923 Et
348 859 413 923 iam
446 870 522 925 tunc
548 879 685 923 coronas
711 856 844 921 deorum
875 855 978 920 honos
1006 864 1099 923 crant
1130 865 1163 920 et
1189 856 1294 923 larum
1307 873 1331 916 ιι

168 960 371 1044 publicorum
387 957 651 1044 privatorumque
664 979 703 1025 ac
717 957 958 1044 sepulchrorum
980 967 1014 1021 et
1027 957 1180 1034 manium,
1203 980 1292 1025 sum·

168 1083 286 1147 meque
307 1059 480 1127 auctoritas
501 1057 612 1144 pactili
633 1050 785 1136 coronae,
818 1057 865 1123 uti
886 1057 927 1126 iis
951 1053 1112 1125 Saliorum
1132 1058 1168 1125 in
1191 1057 1293 1127 sacris

168 1161 349 1228 invenimus
372 1159 533 1229 sollemnis
554 1181 660 1227 cenas.
694 1159 865 1227 Transiere
886 1158 1003 1227 deinde
1027 1157 1071 1225 ad
1091 1159 1216 1225 rosaria
1236 1181 1291 1226 eo-

167 1283 231 1346 que
244 1260 372 1327 luxuria
388 1261 548 1347 processit
568 1273 604 1327 ut
626 1283 691 1327 non
712 1271 796 1327 esset
818 1260 922 1347 gratia
943 1259 1007 1325 nisi
1028 1281 1114 1325 mero
1136 1259 1214 1325 folio
1235 1283 1292 1330 su·

168 1359 227 1439 tili,
249 1384 324 1429 mox
338 1362 447 1449 petitis
461 1361 505 1428 ab
517 1359 612 1429 India
625 1372 682 1427 aut
694 1362 780 1427 ultre
793 1361 902 1429 Indos.
924 1360 1160 1432 Lautissimum
1171 1361 1292 1448 quippo

167 1459 304 1528 habetur
331 1462 469 1530 enardi
496 1462 573 1529 folio
600 1485 655 1529 eas
685 1462 755 1528 duri
782 1472 839 1527 aut
860 1464 958 1529 veste'
971 1459 1086 1529 Serica
1106 1462 1293 1529 versicolori

167 1563 342 1651 unguentis
363 1563 512 1641 madida3
534 1563 621 1631 huno
641 1563 739 1631 habet
752 1563 927 1631 novissime
946 1563 1070 1631 exitum
1089 1562 1222 1631 luxuria
1242 1563 1289 1631 fe·

169 1663 339 1731 minarum.

210 1765 240 1828 9.
262 1763 308 1829 Et
328 1766 417 1851 apud
437 1763 582 1833 Graecos
602 1765 732 1850 quidem
754 1765 794 1832 de
816 1765 943 1831 coronis
962 1765 1113 1851 privatim
1135 1766 1291 1852 scripsere
1306 1781 1329 1824 12

167 1875 201 1929 et
220 1864 428 1933 Mnesitheus
448 1877 545 1952 atque
567 1866 782 1933 Callimachus
803 1866 937 1944 medici,
958 1887 1041 1950 quae
1062 1877 1216 1935 nocerent
1236 1890 1289 1933 ca·

167 1965 238 2052 piti,
261 1967 413 2051 quoniam
435 1969 522 2034 etin
543 1968 603 2034 hoc
624 1980 675 2035 est
690 1968 798 2053 aliqua
810 1967 1003 2033 valetudinis
1019 1966 1136 2055 portio,
1155 1967 1192 2032 in
1213 1978 1290 2054 potu

169 2077 265 2151 utque
280 2068 439 2136 hilaritate
456 2070 629 2157 praecipue
646 2070 780 2136 odorum
797 2071 830 2134 vi
846 2068 1038 2153 subrepente
1049 2067 1208 2135 fallaciter
1224 2090 1290 2135 soe·

167 2168 268 2233 lerata
281 2191 298 2232 e
313 2167 504 2255 Cleopatrae
522 2169 673 2235 sollertia.
688 2170 835 2255 Namque
849 2169 884 2235 in
900 2170 1059 2256 adparatu
1074 2168 1151 2235 belli
1163 2167 1290 2235 Actiaci

166 2267 431 2354 gratificationem
451 2269 556 2355 ipsius
572 2271 704 2357 reginae
719 2271 864 2337 Antonio
878 2271 1009 2337 timente
1030 2274 1094 2337 neo
1112 2271 1176 2339 nisi
1198 2292 1289 2356 pras·

166 2376 314 2453 gustatos
337 2368 424 2436 cibos
438 2379 593 2449 sumente,
617 2369 721 2436 fertur
734 2393 887 2457 pavorem
908 2371 977 2437 eius
999 2370 1117 2437 lusisse
1137 2370 1291 2438 extremis

166 2491 301 2534 coronae
321 2469 454 2536 floribus
475 2492 597 2536 veneno
619 2471 719 2537 inlitis
739 2472 874 2556 ipsaque
901 2471 998 2556 capiti
1021 2471 1181 2558 inposita3
1215 2494 1289 2539 mox

166 2570 357 2655 procedente
372 2571 532 2638 hilaritate
546 2571 696 2640 invitavit
709 2571 888 2645 Antonium
909 2582 947 2638 ut
968 2594 1105 2639 coronas
1126 2570 1289 2649 biberent3

200 2778 283 2838 randi,
293 2783 317 2829 d.
334 2795 410 2842 suurn,
420 2781 452 2830 V.
470 2797 523 2842 suc,
533 2782 564 2830 R.
574 2823 602 2831 -
619 2781 717 2842 obierat,
726 2781 883 2832 Freinshem.
893 2783 927 2830 ad
935 2783 1005 2832 Flos.
1014 2781 1049 2831 11.
1062 2786 1084 2841 7,
1097 2787 1135 2831 14.
1154 2782 1182 2828 ob
1195 2778 1222 2828 id
1230 2788 1290 2839 erat

167 2842 298 2909 uvussr.
318 2887 348 2896 ..
364 2846 451 2910 plebes,
462 2850 516 2901 Rd.
531 2848 603 2912 plebi,
615 2851 670 2912 Vr.
690 2888 721 2899 -
739 2863 788 2909 nec,
801 2864 852 2898 om.
864 2867 884 2899 r.
901 2889 932 2900 ..
953 2849 1062 2912 inpensa,
1074 2851 1106 2900 R„
1124 2848 1244 2912 inpensus
1255 2849 1290 2898 V.

167 2912 298 2973 buntctsus,
311 2916 336 2963 d.
355 2954 386 2964 ..
404 2924 427 2964 et
438 2932 487 2978 qua
494 2917 708 2980 portcferebatur,
719 2933 739 2966 r.

200 2981 268 3044 §lh
296 2979 381 3043 larum,
398 2984 481 3034 RVd.
508 2981 602 3043 briain,
618 2979 669 3048 βγ.
692 3024 723 3033 -
746 2983 899 3047 pactili,Rd
917 2983 1004 3045 (codd.
1017 2986 1096 3038 Turn.
1108 2986 1162 3033 adv.
1178 2987 1220 3042 18,
1232 2980 1291 3044 29.)

158 3045 252 3110 farbii,
271 3048 304 3097 V.
322 3048 406 3112 fictili,
426 3044 454 3100 θ.
477 3091 508 3100 ..
535 3050 572 3099 oti
581 3050 612 3098 iis
623 3049 752 3111 Saliorum,
763 3053 800 3102 ita
810 3068 857 3102 nos
870 3053 1024 3116 scripsimus.
1050 3049 1290 3110 atiscliorum,V¹.

166 3113 331 3172 mitellarum,
350 3118 390 3167 (1².
418 3116 493 3167 uthis
504 3116 612 3179 aliorum,
629 3119 744 3168 V2To1.
771 3117 958 3182 utilisult'orum,
974 3120 1005 3170 R.
1034 3116 1245 3178 Sutilesult'orum,
1260 3112 1290 3178 β.

166 3180 256 3232 Sutiles
268 3183 396 3245 Salicmm,
412 3186 516 3236 Barbar.
529 3200 553 3251 γ.
580 3194 606 3234 ut
617 3185 642 3235 iu
654 3183 785 3248 Saliorum,
796 3186 907 3238 Turneb.
931 3229 963 3236 ..
991 3186 1158 3248 munemita
1169 3185 1290 3237 nossent·

166 3251 270 3313 psimus.
288 3251 372 3312 socrb,
382 3254 488 3304 RVTd
492 3250 514 3314 β
518 3269 543 3318 γ.
560 3255 719 3319 Praepositio
732 3269 777 3319 per
788 3255 934 3318 proximem
945 3255 1056 3306 litteram
1067 3263 1106 3307 est
1117 3255 1248 3318 absorpta.
1259 3291 1290 3303 ..

167 3314 370 3381 roburnesoenas,
387 3317 546 3385 Rvuussr.
573 3329 595 3369 et
606 3320 711 3370 solennes
722 3322 807 3383 coeam,
818 3324 923 3373 Barba-r.
935 3318 986 3386 βγ.
1010 3363 1042 3372 ..
1069 3321 1173 3382 rosario,
1186 3321 1288 3371 Barbar.

167 3383 266 3445 rosolio,
279 3387 334 3436 Vd.
362 3387 517 3449 trosnlia‚R.
543 3427 574 3436 ..
600 3404 679 3452 eoque,
692 3390 744 3438 Rd.
768 3406 802 3450 eo,
814 3391 848 3440 V.
868 3430 898 3438 ..
922 3389 1024 3450 luxorio,
1036 3390 1070 3440 V.
1088 3430 1120 3440 -
1144 3385 1290 3452 merosolt'o3

166 3454 231 3504 haec
249 3470 402 3520 quamquam
419 3455 476 3507 ferri
494 3463 611 3520 possunt,
628 3464 714 3505 tamen
730 3471 783 3505 non
795 3457 892 3517 dubito,
909 3458 971 3522 quin
981 3459 1047 3508 Plin.
1060 3473 1123 3505 mero
1135 3454 1219 3518 osello
1230 3455 1290 3507 seri·

167 3522 251 3587 poerit.
273 3565 302 3572 -
314 3521 387 3585 folio,
400 3523 469 3572 Rd².
487 3519 568 3583 fclir's,
581 3523 614 3571 V.
633 3521 712 3586 filius,
725 3524 762 3574 d¹.
782 3564 813 3573 ..
831 3521 904 3585 aaut,
916 3527 953 3575 ita
964 3541 1012 3576 nos
1023 3525 1179 3591 scripsimus.
1203 3520 1290 3584 rutilis,

168 3591 212 3640 Rd
220 3592 236 3640 ².
256 3589 327 3650 utilis,
338 3592 385 3640 Vd
397 3594 410 3639 ¹.
433 3588 548 3651 sutilibus,
560 3585 610 3655 βγ.
627 3591 751 3641 Dativum
762 3590 872 3656 reposui,
885 3593 945 3657 quia
956 3593 1088 3656 genetivus
1100 3591 1221 3642 Pliniano
1233 3590 1290 3641 usui

168 3660 286 3711 adversus
302 3660 379 3708 modo
396 3659 527 3709 durissime
544 3661 664 3724 explicari
679 3667 770 3723 potest.
799 3659 871 3720 Quae
886 3675 940 3711 vox
952 3675 1010 3710 eum
1021 3660 1100 3722 vulgo
1112 3658 1144 3708 ad
1157 3658 1292 3723 sequentis

168 3724 297 3783 reseratur,
313 3727 437 3791 Bottiger.
449 3726 475 3775 in
487 3725 582 3777 Sabinu
597 3733 618 3786 1,
631 3732 688 3777 242.
704 3740 760 3774 eam
777 3735 845 3775 recte
861 3729 893 3777 ad
904 3729 990 3792 priora
1000 3727 1094 3785 retulit,
1110 3724 1206 3777 trustra
1219 3724 1290 3774 oblo-

168 3803 262 3856 quente
274 3794 391 3843 Beckero
403 3795 429 3844 in
443 3794 518 3846 Gallo
532 3801 555 3853 2,
568 3799 624 3844 21⁵.
637 3794 676 3841 ed.
693 3796 722 3850 1.,
735 3793 778 3854 qui
791 3796 822 3842 de
834 3795 934 3844 coronis
946 3796 1064 3845 sutilibus
1075 3799 1192 3842 accurate
1205 3793 1291 3857 dispu-

169 3868 225 3910 tans
240 3862 294 3925 ipse
310 3870 399 3912 monet
410 3876 519 3913 coronas
531 3861 631 3910 Indicas
642 3873 658 3906 a
669 3859 787 3910 sutilibus
798 3860 876 3924 longe
888 3861 1094 3919 diversasfuisse.
1117 3861 1161 3910 Ad
1172 3875 1197 3909 v.
1208 3858 1292 3923 petitis

169 3943 201 3976 ex
217 3930 346 3993 superiore
358 3930 449 3978 coronis
461 3938 499 3980 eat
510 3926 687 3993 supplendum.
712 3927 875 3978 Coniecturae
887 3929 1004 3980 Salmasii
1017 3943 1098 3980 exerc.
1111 3945 1136 3994 p.
1149 3933 1209 3978 392.
1220 3929 1245 3977 b.
1259 3926 1290 3978 0.

169 4009 367 4046 commemorare
382 3997 546 4061 longumest.
569 4032 600 4040 ..
626 3991 717 4055 peritis,
733 3996 801 4045 Vd¹.
826 4037 856 4044 -
883 3995 1046 4060 luduicus
1073 3993 1235 4057 ludmvot
1259 4035 1290 4044 .-

170 4062 310 4124 uersicolori,
322 4065 377 4113 Vd.
401 4059 553 4118 semaco,
565 4058 597 4108 R.
620 4060 777 4124 versicolores,
789 4058 839 4126 βγ.
858 4106 888 4112 -
909 4065 1038 4130 unguenta,
1050 4066 1081 4115 lt.
1103 4062 1223 4128 unquenti,
1234 4063 1291 4112 Vd·

171 4170 201 4178 -
220 4129 326 4191 marlida,
339 4131 401 4180 RV.
420 4125 537 4187 tradidero,
550 4121 621 4190 dssr.
640 4170 670 4178 ..
691 4126 837 4192 incurritque,
850 4133 881 4180 R.

203 4196 271 4257 trs.
298 4198 348 4246 scr·
362 4211 443 4255 ierem,
460 4195 491 4244 a
517 4235 547 4242 -
575 4203 604 4256 et,
621 4197 705 4246 avr.
733 4198 820 4248 emur.
836 4193 887 4262 str-
916 4239 946 4247 ,
973 4197 1128 4257 nimum,
1149 4180 1290 4248 sarra.

170 4263 316 4324 Mnestheus,
349 4299 355 4314 .
380 4303 401 4310 -
429 4264 672 4324 tocmtcodfflsl.
695 4306 725 4315 ..
749 4265 858 4327 εείῌὶ
884 4266 984 4325 nvo
1008 4307 1040 4315 ..
1064 4263 1289 4327 amantum
