2754 4726
142 266 203 330 too
495 277 698 324 utrumme
721 275 915 322 flrsroaran
1002 239 1005 248 ¹

143 432 301 508 exoritur,
326 450 407 494 zona
428 439 535 493 autem
557 428 626 492 eius
648 426 792 511 Assyriis
813 449 857 490 rv.
882 448 955 490 non.
971 425 1088 504 Iulias;
1110 427 1264 514 Aegypto

141 554 216 601 vcro
236 532 349 597 eadem
369 530 421 593 die
439 550 585 614 procyon
606 533 773 593 aestuosus
794 526 950 590 matutino
970 526 1087 604 oritur,
1110 527 1197 611 quod
1218 527 1264 592 si·

140 635 203 700 dna
225 632 314 718 apud
334 631 498 697 Romanos
519 652 585 695 non
605 629 702 694 habet
727 649 860 705 nomen,
887 627 950 692 nisi
978 628 1154 694 caniculam
1180 630 1265 695 hanc

141 736 289 801 volumus
310 733 454 818 intellegi
474 731 536 797 hoo
559 741 608 795 eat
628 729 783 794 minorem
809 751 938 805 canem,
960 729 1050 794 utin
1072 730 1168 795 astris
1189 730 1263 817 pin·

141 834 246 924 gitur,
269 833 311 898 ad
332 843 455 898 aestum
469 852 667 920 magnopere
682 829 863 916 pertinens,
887 825 1084 915 sieut'paulo
1106 832 1263 897 moxdo-

144 936 298 1002 cebimus.
324 957 384 998 1111.
404 955 478 999 non.
499 932 600 997 Iulias
618 928 791 997 Chaldaeis
812 951 929 996 corona
951 931 1067 996 occidit
1089 933 1262 1014 matutino,
1277 948 1325 994 269

139 1021 269 1104 Atticae
291 1032 394 1101 Orion
416 1043 502 1098 totus
524 1033 636 1099 eadem
663 1032 716 1097 die
737 1030 889 1097 exoritur.
924 1031 1034 1097 Pridie
1060 1032 1138 1097 idus
1161 1033 1264 1100 Iulias

140 1137 295 1225 Aegypto
316 1133 420 1201 Orion
441 1133 559 1199 desinit
580 1132 711 1210 exoriri,
738 1155 808 1196 xvr.
830 1132 894 1197 kal.
915 1133 1085 1220 Augustas
1104 1135 1262 1220 Assyriae

139 1259 283 1322 procyon
305 1235 464 1311 exoritur,
495 1233 570 1299 dein
588 1243 662 1319 post
684 1232 826 1296 triduum
847 1232 916 1298 iere
937 1232 1058 1316 ubique
1080 1235 1262 1300 confessum

139 1337 226 1402 inter
245 1335 349 1402 omnis
371 1335 461 1400 sidus
482 1334 629 1399 indicans
649 1333 737 1417 quod
759 1333 848 1397 canis
871 1343 975 1398 ortum
996 1356 1167 1413 vocamus,
1195 1335 1261 1401 sola

138 1447 264 1522 partam
285 1423 544 1523 primam'leonis
555 1435 722 1520 ingresso.
744 1432 819 1499 Hoc
838 1433 874 1498 fit
892 1444 967 1520 post
981 1434 1153 1500 solstitium
1165 1456 1261 1501 xxm.
1274 1451 1324 1497 aro

139 1537 211 1614 die;
241 1537 385 1605 sentiunt
410 1535 445 1600 id
471 1535 572 1600 maria
599 1545 631 1600 et
653 1545 772 1613 terrae,
800 1535 918 1599 multae
940 1558 1017 1624 vero
1038 1547 1070 1601 et
1091 1537 1195 1615 ferae,
1224 1550 1261 1602 ut

139 1639 206 1704 auia
227 1638 306 1704 locis
328 1637 469 1702 diximus
476 1660 485 1712 3
514 1657 618 1720 neque
646 1646 696 1699 est
722 1634 826 1699 minor
847 1636 877 1700 ei
899 1637 1063 1702 veneratio
1082 1659 1179 1722 quam
1201 1639 1259 1703 de-

140 1739 270 1824 scriptis
292 1739 326 1801 in
347 1737 424 1802 deos
448 1736 561 1814 stellis,
583 1735 792 1819 accenditque
815 1736 915 1801 solem
936 1747 969 1802 et
990 1759 1138 1826 magnam
1152 1747 1260 1804 aestus

138 1840 261 1926 optinet
287 1861 427 1904 causam.
463 1859 534 1900 xm.
561 1836 625 1902 kal.
654 1836 796 1924 August.
826 1836 983 1922 Aegypto
1010 1839 1117 1922 aquila
1143 1840 1261 1905 occidit

138 1939 295 2004 matutino
318 1939 551 2022 etesiarumque
573 1937 737 2022 prodromi
758 1936 853 2002 flatus
873 1939 1046 2024 incipiunt,
1067 1941 1155 2024 quod
1174 1939 1260 2007 Cae·

56 2086 66 2092 -
139 2062 192 2104 sar
211 2063 246 2104 x.
267 2041 331 2106 kal.
354 2039 444 2126 Aug.
466 2039 581 2104 sentire
602 2036 729 2103 Italiam
750 2039 966 2104 existumavit.
989 2038 1110 2125 Aquila
1130 2040 1259 2106 Atticae
1273 2054 1320 2100 271

137 2140 295 2205 matutino
316 2138 449 2216 occidit,
471 2161 519 2202 111.
542 2138 605 2203 kal.
628 2138 774 2226 regiain
800 2149 939 2225 pectore*
952 2140 1062 2207 leonis
1077 2141 1168 2206 stella
1189 2163 1259 2204 ma-

138 2239 242 2304 tutino
266 2237 399 2304 Caesari
420 2237 565 2324 emergit.
598 2260 667 2303 vm.
689 2239 762 2304 idus
777 2239 865 2326 Aug.
888 2241 1182 2307 arcturuamedius
1202 2264 1259 2307 oc·

173 2410 223 2460 eiua
233 2409 349 2476 Assyria,
360 2409 411 2461 IV.
423 2427 459 2460 no.
471 2409 556 2473 Iuliae,
574 2410 684 2477 Aeyypto
700 2427 754 2460 vero
769 2410 850 2461 eadem
862 2412 900 2462 die
947 2429 1027 2479 ocyor,
1044 2415 1124 2465 schol.
1137 2414 1257 2466 German.

140 2478 189 2527 cias
204 2487 288 2542 quarto
304 2492 378 2526 uanas
393 2476 517 2543 Assyriae,
532 2478 642 2543 Aepypto
659 2494 713 2527 acro
726 2494 838 2544 procyon,
855 2483 890 2531 ad
922 2495 948 2546 γ.
981 2481 1096 2542 Vaoaac,
1113 2483 1257 2531 Pontedera

141 2546 267 2610 antiquitt.
280 2561 305 2609 p.
320 2552 375 2596 185.
394 2586 426 2595 ..
448 2553 569 2594 aaancoaaa
580 2546 695 2594 momtiao
706 2546 790 2607 oritur,
803 2547 884 2598 schol.
897 2547 1017 2599 German.
1038 2548 1152 2597 matutino
1164 2555 1259 2598 ammo·

140 2629 188 2674 aaa,
200 2609 291 2676 a'dflr.
310 2655 340 2662 -
360 2611 477 2673 candala,
489 2615 571 2663 schol.
584 2614 703 2665 German.
720 2655 752 2664 ..
771 2613 839 2675 haue,
851 2616 895 2664 ad.
913 2631 992 2679 qaam,
1004 2615 1083 2666 schol.
1094 2615 1213 2666 German.
1224 2658 1256 2665 ..

140 2679 252 2740 volamus,
265 2683 329 2730 Tad
342 2677 436 2741 (schol.
449 2679 583 2743 German.)
605 2676 772 2745 velinaassr.
789 2722 821 2731 -
844 2681 981 2747 iutelliqere,
993 2684 1073 2732 schol.
1086 2682 1206 2733 German.
1225 2701 1272 2733 -·

140 2746 183 2796 ltoc
194 2756 236 2810 est,
249 2763 300 2797 om.
313 2749 393 2797 schol.
406 2747 525 2799 German.
545 2789 576 2797 -
594 2762 683 2809 canem,
696 2751 712 2798 d
724 2747 818 2809 (schol.
832 2748 964 2813 German.)
986 2765 1143 2808 conuocare,
1156 2767 1171 2799 a
1175 2747 1205 2811 β.
1224 2792 1255 2800 -

140 2813 176 2863 ad
185 2824 282 2873 camna,
294 2816 375 2865 schol.
386 2815 504 2866 German.
521 2813 570 2863 Est
578 2823 663 2877 autent,
673 2810 764 2879 adssr.
782 2816 850 2865 Illud
860 2817 950 2880 probat
959 2819 1103 2867 Pontedera
1111 2819 1128 2866 1.
1138 2818 1155 2867 l.
1165 2834 1191 2882 p.
1198 2824 1256 2869 ³6⁶.

140 2882 198 2931 oolL
210 2884 225 2946 ξ
238 2887 295 2934 ato.
314 2922 346 2932 ..
365 2881 473 2940 maxime,
486 2883 568 2932 schol.
580 2882 700 2935 German.
719 2923 751 2933 ..
765 2882 911 2947 paulopost,
923 2885 1005 2934 schol.
1018 2885 1136 2936 Germa—u.

173 2976 188 3038 5
201 2978 258 3026 269.
276 2972 347 3025 IIII.
356 2990 410 3024 aaa.
421 2973 506 3036 Iuleae,
519 2976 600 3025 schol.
613 2975 732 3026 German
748 2973 815 3025 1111.
827 2992 910 3038 nonas,
927 2977 980 3027 Td.
1007 2976 1074 3027 tertio
1085 2993 1168 3039 apaan,
1186 2974 1255 3042 asir.

139 3043 177 3092 Δί
187 3057 210 3092 v.
223 3043 394 3094 calendarium
407 3043 507 3094 Claudii
518 3044 596 3093 Tusci
608 3059 648 3108 ap.
659 3043 724 3106 Lyd.
738 3044 769 3092 de
781 3045 886 3094 ostentis
894 3060 919 3108 p.
929 3051 986 3095 230.
997 3047 1035 3094 ed.
1045 3045 1122 3095 Hase.
1133 3086 1164 3094 -
1177 3045 1256 3094 Boeo-

140 3108 196 3170 tiae,
207 3111 351 3160 Pontedera
362 3111 379 3160 1.
391 3111 408 3159 1.
420 3126 445 3175 p.
459 3118 517 3162 200.
529 3116 587 3161 215.
611 3151 642 3160 ..
668 3107 750 3158 eadem
762 3108 808 3172 die,
820 3111 901 3162 schol.
914 3112 1032 3164 German.
1058 3128 1084 3161 eo
1100 3110 1144 3174 die,
1161 3107 1255 3176 adssy.

141 3214 172 3224 ..
189 3173 275 3237 Iulias,
287 3178 368 3226 schol.
381 3177 500 3228 German.
521 3174 587 3242 Iulii,
599 3173 672 3243 ᾱβγ.
694 3176 752 3240 lat,
766 3193 789 3228 a.
808 3219 839 3228 ..
861 3178 914 3242 Aey
929 3187 977 3242 pto,
990 3180 1071 3230 schol.
1085 3181 1203 3232 German.
1227 3194 1257 3228 ea

139 3240 263 3305 Aeqyptia
280 3257 304 3291 a.
334 3250 357 3290 et
371 3242 505 3308 Aeyyptiir,
522 3241 593 3310 ᾶβγ.
611 3286 643 3295 ..
667 3244 755 3308 XVI,
772 3249 816 3296 ad.
842 3246 905 3297 XV
939 3283 945 3308 ,
967 3241 1029 3297 Oet
1043 3248 1187 3296 Pontedera
1202 3247 1221 3295 l.
1237 3247 1255 3296 l.

138 3323 166 3385 p.
171 3312 236 3357 Δ185.
249 3314 307 3358 ³85.
320 3309 379 3359 coll.
392 3311 406 3372 5
420 3315 477 3361 288.
496 3310 529 3360 X
533 3311 570 3371 V.,
580 3313 663 3362 schol.
671 3313 792 3364 German.
805 3355 836 3365 ..
849 3313 895 3363 cal.
904 3312 1035 3379 Aequitas,
1044 3316 1125 3365 schol.
1135 3314 1255 3366 German.

139 3388 173 3442 tl.
181 3407 230 3457 aa,
242 3407 265 3442 a.
287 3389 400 3440 calenda
410 3391 521 3457 Aaou,
533 3389 604 3458 ᾶβγ.
627 3434 659 3443 ...
684 3394 803 3460 Assyriis,
818 3397 900 3448 schol.
912 3399 1031 3450 German.
1052 3396 1149 3458 Italiae,
1160 3400 1256 3448 Ponte·

139 3461 207 3511 dora.
230 3499 263 3508 ..
286 3475 405 3524 procyon,
418 3475 440 3508 a.
463 3475 587 3523 proteron,
599 3462 623 3509 d.
651 3458 753 3524 Chiron,
770 3465 852 3514 schol.
865 3465 983 3516 German.
1007 3505 1037 3514 ..
1065 3464 1157 3526 deinde,
1174 3466 1256 3515 schol.

139 3526 258 3579 German.
271 3568 303 3577 -
318 3534 374 3589 post
383 3524 494 3587 triduam,
503 3527 584 3577 schol.
594 3527 714 3579 German
723 3531 848 3593 probante
859 3534 965 3583 Petavio
975 3549 1038 3583 varr.
1048 3535 1182 3583 dissertata
1196 3535 1220 3593 7,
1232 3540 1256 3583 2.

138 3610 165 3660 p.
178 3601 234 3646 lto.
254 3591 380 3658 postridie,
393 3590 463 3657 dssr.
481 3601 537 3657 post
548 3592 609 3642 ridie
613 3595 762 3660 serendique,
773 3615 796 3649 a.
811 3607 868 3663 poet
879 3598 1037 3663 quatriduum,
1048 3601 1196 3650 Pontedera
1207 3601 1225 3649 1.
1238 3601 1256 3650 1.

57 3686 61 3692 ’
138 3677 163 3727 p.
175 3668 234 3716 885.
253 3702 285 3711 ..
303 3661 433 3724 confusam,
445 3660 525 3712 schol.
539 3659 658 3712 German.

172 3754 257 3818 tato.
283 3753 337 3804 Hoc
341 3753 378 3816 fit
385 3760 448 3818 port,
460 3756 483 3804 d.
508 3753 610 3817 Hocfit,
627 3769 650 3803 a.
677 3771 727 3803 cum
731 3754 774 3817 fit,
789 3757 870 3807 schol.
884 3758 1003 3810 German.
1027 3799 1058 3807 ...
1084 3757 1258 3810 XXIII-ia

30 3832 38 3841 “
138 3817 442 3881 ώωεεοὶὶίε,οω.1ο1101.
457 3821 575 3872 German.
593 3863 625 3871 ..
650 3821 706 3884 dies,
719 3825 762 3874 ad.
780 3866 812 3874 ..
836 3824 941 3876 dirimas
953 3831 977 3887 2,
992 3830 1047 3877 101.
1066 3831 1090 3887 9,
1103 3831 1144 3876 58.
1163 3868 1195 3876 ..
1214 3836 1257 3888 eat,

138 3902 162 3938 a.
179 3888 248 3948 eada,
261 3891 284 3938 d
303 3930 335 3938 ..
358 3887 517 3951 accenditque,
529 3891 574 3939 ad.
597 3888 737 3953 quadradas
747 3891 861 3953 accendit,
873 3896 954 3943 schol.
968 3894 1086 3944 German.
1105 3935 1137 3943 ..
1161 3895 1257 3955 obticet,

137 3956 183 4005 ad.
200 3955 309 4016 obducat,
321 3955 401 4006 schol.
414 3957 534 4007 German.
552 3957 659 4017 cananei,
668 3960 700 4009 T.
713 3999 744 4008 ..
756 3958 846 4021 ΧΠΙΕ,
858 3962 937 4011 Hard.
956 3962 989 4011 X
992 3959 1074 4021 Vlla,
1084 3957 1132 4022 [ιβ.
1152 3961 1184 4012 X
1189 3961 1257 4024 Vll,

138 4022 192 4090 Τὰ.
211 4024 244 4074 X
248 4021 299 4083 VJ..
311 4024 391 4073 schol.
403 4023 522 4074 German.
541 4025 665 4075 Hardnini
677 4028 836 4077 coniecturae
848 4030 1038 4091 quodammodo
1050 4028 1204 4092 suffragatur
1216 4045 1257 4080 ca·

137 4089 278 4141 landariam
296 4091 397 4142 Claudii
412 4092 491 4142 Tusci
508 4107 548 4156 ap.
566 4094 630 4156 Lyd
648 4094 679 4142 de
695 4096 800 4144 ostentis
817 4109 841 4158 p.
855 4101 913 4145 232.
932 4097 1061 4146 adHase.
1086 4137 1117 4145 ..
1144 4097 1257 4162 Auyuct,

106 4166 109 4173 ·
137 4159 219 4208 schol.
232 4158 350 4209 German.
368 4158 458 4209 Omitt.
470 4161 542 4210 Tad.
555 4201 586 4209 -
604 4157 664 4220 IX,
675 4162 817 4212 Pontedera
828 4164 955 4226 antiquitt.
968 4166 1059 4226 uara.
1074 4205 1104 4213 ..
1124 4162 1170 4213 eal.
1183 4164 1257 4231 Aua,

136 4227 221 4276 schol.
233 4226 350 4278 German.
369 4225 489 4287 caleadaa,
500 4222 592 4291 adssy.
