2754 4726
119 275 181 341 828
472 291 675 340 assumus
699 292 892 340 mesonma

120 454 232 509 contra
244 444 402 532 bigarum
416 453 587 528 aestusque
603 443 752 509 iniuriam
774 455 806 509 et
827 442 867 508 ab
890 443 943 509 siti
965 442 1112 524 traditur,
1135 466 1246 530 neque

119 553 266 609 aestuare
288 565 342 608 eos
364 543 421 627 qui
442 544 524 609 duos
546 566 564 609 e
586 544 695 630 puleio
717 544 860 610 surctssos
881 544 1037 630 inpositos
1052 544 1191 610 auribus
1210 547 1246 611 in

63 662 70 670 ·
120 642 186 710 sole
212 642 367 721 habeant3
403 643 547 710 inlinitur
578 644 674 710 etiam
699 645 733 708 in
761 643 923 711 doloribus
950 667 1022 711 oum
1048 644 1184 730 polenta
1211 656 1245 712 et

118 754 219 810 aceto.
242 743 378 811 Femina
399 745 561 811 efficacior
566 769 575 823 ;
598 755 648 810 est
664 755 773 811 autem
787 744 867 810 haec
880 745 959 811 flore
972 755 1147 832 purpureo,
1170 768 1244 812 mus
1258 765 1304 813 iss

119 845 293 912 candidum
317 845 424 911 habet.
457 845 499 910 In
524 845 654 912 nausias
674 868 748 911 cum
769 845 835 911 sale
863 854 895 911 et
916 846 1048 932 polenta
1066 846 1101 911 in
1122 846 1244 934 frigida

119 967 203 1032 aqua
223 958 301 1033 pota
321 946 461 1025 inhibet,
489 946 536 1012 sic
556 956 590 1012 et
610 946 750 1032 pectoris
776 968 815 1011 sc
836 946 958 1011 ventris
979 945 1135 1024 dolorem3
1174 957 1243 1014 sto·

119 1046 224 1114 machi
239 1057 347 1112 autem
360 1069 403 1112 ex
424 1068 509 1132 aqua
529 1046 607 1111 item
627 1044 773 1110 rosiones
795 1045 880 1110 sistit
901 1055 935 1110 et
955 1046 1145 1113 vomitiones
1167 1068 1243 1114 cum

119 1159 208 1215 aceto
225 1160 258 1214 et
274 1150 419 1234 polenta,
435 1148 542 1214 alvom
554 1146 648 1212 solvit
658 1168 699 1211 ex
710 1145 775 1210 sele
789 1154 821 1211 et
836 1155 927 1212 aceto
943 1157 975 1211 et
990 1147 1130 1233 polenta.
1149 1147 1242 1215 Inte-

119 1248 275 1315 stinorum
286 1248 365 1314 vitia
374 1248 468 1313 melle
479 1247 607 1314 decocto
618 1257 653 1312 et
662 1245 746 1311 nitro
758 1246 1091 1335 sanaturinampellit
1102 1269 1143 1313 ex
1152 1249 1241 1328 vino,

119 1358 153 1415 et
171 1348 199 1414 si
214 1347 407 1414 ammineum
424 1347 477 1426 sit,
493 1357 527 1412 et
537 1347 675 1413 calculos
686 1357 719 1411 et
728 1345 896 1412 interiores
910 1348 1013 1412 omnis
1027 1348 1163 1414 dolores.
1185 1347 1242 1413 Ex
1255 1367 1300 1414 ist

117 1448 212 1516 melle
234 1460 268 1516 et
288 1459 379 1515 aceto
400 1448 493 1515 sedat
514 1458 679 1514 menstrua
700 1457 733 1512 et
754 1447 921 1524 secundas,
944 1446 1053 1514 volvas
1067 1470 1242 1515 conversas

120 1550 262 1640 corrigit,
286 1550 445 1618 defunctis
466 1560 579 1637 partus
601 1548 684 1616 eicit
718 1545 839 1614 Semen
861 1548 1157 1616 obmutescentibus
1179 1551 1242 1616 cle·

118 1651 205 1716 factu
227 1650 425 1730 admovetur,
448 1647 660 1717 comitialibus
681 1649 715 1712 in
737 1660 828 1714 aceto
849 1648 957 1733 cyathi
971 1671 1122 1715 mensura
1136 1649 1242 1729 datm.

121 1749 159 1816 si
173 1772 276 1834 aquae
289 1751 472 1817 insalubres
489 1750 649 1817 bibendae
665 1748 746 1827 sint,
769 1750 879 1814 tritum
900 1750 1123 1837 adspergitur3
1147 1751 1241 1817 salsi·

119 1850 248 1916 tudines
269 1852 428 1939 corporis,
462 1852 584 1917 doum
609 1850 685 1917 vino
712 1850 869 1928 tradetur,
902 1851 1031 1928 minuit3
1063 1874 1240 1918 nervorum

119 1973 217 2019 causa
238 1963 270 2019 et
289 1953 323 2017 in
345 1952 562 2019 contractione
584 1974 657 2017 cum
686 1951 751 2016 sale
773 1962 806 2016 et
825 1962 915 2018 aceto
938 1962 971 2018 et
991 1953 1085 2018 melle
1105 1952 1240 2018 infrica-

119 2064 173 2120 tur
198 2054 232 2120 in
261 2054 475 2142 opisthotono.
511 2053 642 2119 Bibitur
668 2053 709 2118 ad
737 2052 935 2138 serpentium
956 2053 1039 2119 ictus
1061 2054 1240 2133 decoctum,
1253 2068 1294 2115 us

119 2155 160 2220 ad
194 2155 396 2241 scorpionum
428 2155 463 2219 in
495 2155 571 2219 vino
604 2153 729 2232 tritum,
769 2175 919 2219 maxume
954 2154 1042 2238 quod
1077 2155 1112 2219 in
1151 2155 1241 2221 siccis

118 2254 270 2320 nascitur.
302 2254 360 2318 Ad
380 2255 444 2318 oris
465 2253 735 2332 exulcerationes,
758 2254 799 2319 ad
822 2255 936 2325 tussim
957 2254 1073 2320 efficax
1093 2255 1240 2323 habetur.

118 2352 198 2421 Flos
219 2354 356 2420 recentis
376 2354 527 2420 incensus
547 2353 670 2440 pulices
691 2364 785 2419 necat
803 2355 910 2421 odore.
932 2354 1136 2422 Xenocrates
1153 2355 1240 2444 pulei
1329 2364 1332 2389 ¹

117 2479 243 2522 ramum
262 2455 338 2521 lana
351 2454 528 2521 involutum
542 2455 575 2519 in
589 2455 734 2522 tertianis
749 2467 824 2521 ante
837 2457 1050 2522 accessionem
1065 2457 1240 2522 olefactan·

119 2558 196 2623 dum
218 2556 289 2622 deri
309 2567 367 2622 aut
388 2556 541 2644 stragulis
562 2556 663 2623 subici
692 2567 723 2624 et
744 2556 790 2621 ita
816 2558 976 2624 conlocari
996 2579 1130 2646 aegrum
1157 2557 1240 2622 inter

119 2659 261 2726 remedia
284 2659 390 2724 tradit.

162 2762 214 2827 55.
242 2757 392 2826 silvestri
413 2758 455 2824 ad
477 2759 588 2825 eadem
609 2759 659 2824 vis
680 2758 850 2825 efficacior.
887 2756 1000 2825 Simile
1021 2769 1071 2826 est
1092 2758 1235 2847 origano,
1250 2771 1290 2818 us

119 2862 296 2929 minoribus
323 2860 409 2926 foliis
436 2882 533 2944 quam
560 2860 710 2937 sativom,
740 2870 816 2924 eta
842 2858 1035 2944 quibusdam
1062 2860 1238 2924 dictamnos

154 3043 289 3102 septusque,
301 3038 325 3086 d.
346 3078 376 3087 -
396 3033 532 3096 tradentur,
544 3051 566 3084 a.
645 3084 647 3089 ,

153 3123 238 3185 §ltu
264 3119 366 3171 Femina
376 3118 539 3185 efficatione.
562 3117 676 3168 Feminae
688 3113 882 3182 efficacius,0d.
905 3157 937 3166 ..
960 3115 1026 3178 laec,
1039 3131 1091 3166 cm.
1104 3117 1136 3166 T.
1155 3155 1186 3166 ..
1209 3111 1238 3163 In

119 3188 225 3248 nausias,
238 3193 283 3240 ad.
306 3187 427 3249 Nauseae,
438 3183 490 3252 βγ.
509 3228 541 3236 ..
562 3185 665 3250 pectoris
676 3201 706 3234 ac
717 3184 818 3248 ventris3
831 3200 877 3249 pro
889 3185 929 3235 his
937 3200 977 3234 vv.
990 3185 1066 3234 habet
1075 3183 1169 3251 pecmri
1176 3180 1238 3231 aab

118 3270 142 3310 a,
156 3261 226 3316 pecto
237 3255 349 3315 maresa.
372 3254 508 3315 acuentrts,
525 3270 575 3305 om.
588 3255 621 3304 T.
640 3295 671 3303 ..
693 3268 824 3316 squama.
848 3293 879 3302 ..
903 3251 956 3300 item
968 3251 1080 3312 rosiones,
1093 3254 1117 3301 d.
1144 3247 1237 3300 interci-

119 3321 204 3380 siones,
216 3338 255 3370 ar.
273 3320 328 3369 item
341 3320 460 3380 torsiones,
472 3322 504 3369 T.
517 3360 549 3368 ..
567 3318 646 3368 alcum
657 3319 727 3369 solvit
738 3336 767 3368 eu
778 3317 828 3369 sale
840 3327 863 3368 et
873 3327 939 3369 aceto
951 3326 974 3368 et
982 3316 1086 3383 polenta,
1098 3319 1129 3370 T.
1149 3318 1237 3371 Omitt.

119 3382 211 3450 sdssr.
232 3428 262 3436 ..
282 3385 382 3447 decocto,
395 3402 418 3435 a.
436 3383 540 3444 decocta,
552 3380 632 3445 Τᾱβ.
650 3383 775 3447 decoctum,
786 3388 858 3437 Brot
870 3401 895 3451 γ.

153 3473 238 3534 §lta
265 3477 392 3519 menstrua.
414 3465 728 3529 Secundasacuulvus,K.
750 3509 782 3518 ..
806 3468 902 3519 vulvam
911 3477 1034 3520 conversat
1044 3485 1083 3530 ac,
1095 3472 1119 3520 d.
1143 3508 1176 3519 ..
1198 3465 1237 3516 de

111 3537 215 3600 functis,
230 3530 259 3587 θ.
277 3535 406 3602 defunctos,
419 3530 512 3599 adstr.
525 3575 555 3586 -
575 3535 760 3596 obmutescentes,
772 3553 796 3586 a.
808 3578 840 3586 ..
859 3536 979 3602 olfactum,
995 3530 1044 3586 Os.
1063 3577 1095 3586 -
1113 3552 1166 3585 cum
1177 3534 1238 3594 uino,

118 3622 142 3656 a.
161 3604 266 3666 omnino,
283 3606 336 3656 Td.
356 3644 387 3652 ..
411 3600 531 3663 tradetur,
547 3619 570 3653 a.
594 3609 719 3665 tractetur,
735 3605 788 3656 Td.
811 3603 935 3665 tradatur,
951 3600 1001 3669 βγ.
1024 3602 1132 3667 corporis
1148 3603 1173 3652 si
1186 3617 1238 3652 con·

110 3672 226 3736 fricetur,
238 3674 305 3724 Pint.
324 3712 356 3720 ..
374 3670 400 3719 in
412 3669 511 3730 nicatur,
522 3670 576 3720 Td.
593 3669 729 3733 irffricator,
745 3664 774 3721 θ.
795 3671 967 3736 misfrt'npatur,
979 3689 1002 3722 a.
1024 3670 1179 3735 confricatur,
1189 3665 1238 3734 βχ.

120 3780 152 3790 ..
170 3740 196 3789 in
210 3740 368 3804 opisthotono,
409 3738 483 3791 Tac.
509 3744 532 3785 et
546 3737 572 3786 in
588 3736 709 3801 opistbot„
723 3740 756 3791 K.
778 3737 871 3803 epistt,
883 3734 913 3801 β.
929 3740 996 3791 Plin.
1018 3737 1072 3788 item
1089 3738 1115 3786 in
1131 3736 1239 3802 epistici.

118 3808 217 3858 videtur
228 3809 361 3872 scripsisse.

153 3894 237 3956 §ltin
259 3890 318 3940 ictus
329 3897 402 3951 vetus,
414 3893 445 3942 T.
464 3931 495 3939 ..
518 3888 707 3954 scotpionem,d.
726 3930 757 3941 ..
782 3890 937 3951 insinuati.
960 3889 1129 3954 ctinoino,7.
1149 3930 1181 3940 ..
1199 3904 1239 3938 as·

119 3956 308 4020 telonariorum,
321 3961 345 4009 d.
365 3999 396 4007 ..
419 3957 558 4018 labemus.
585 3956 763 4015 babentiaTd.
790 3956 895 4018 babenti,
908 3957 976 4008 Pint.
994 3997 1025 4008 ..
1050 3955 1189 4018 culices,K.
1208 3997 1239 4007 -

119 4024 255 4089 inuolutum,
267 4030 291 4077 (1.
310 4025 390 4086 lutiam,
402 4041 425 4074 a.
447 4065 473 4074 -
493 4024 660 4089 olfaciendum,
671 4026 702 4076 T.

153 4113 168 4175 §
184 4116 239 4161 156.
263 4109 391 4176 efficacior.
410 4109 502 4172 Simile,
518 4111 590 4161 Tad.
613 4109 735 4174 efficacior
747 4117 788 4171 est,
805 4108 869 4173 quod
878 4107 964 4172 simile,
978 4105 1030 4175 βγ.
1052 4149 1078 4158 -
1099 4107 1240 4170 dictamnos,

124 4172 172 4229 Oa.
191 4178 342 4239 dictamnum,
354 4180 387 4229 K.
406 4177 538 4240 dictamnus,
550 4181 574 4229 d.
592 4176 731 4239 dictamnus,
743 4172 794 4242 βγ.
812 4219 843 4227 ..
865 4176 991 4239 Gustatur,
1003 4180 1026 4228 d.
1046 4217 1077 4226 ..
1096 4176 1179 4226 littera
1190 4191 1241 4224 mu·

12 4243 17 4249 ’
121 4254 181 4310 tcta,
194 4241 273 4297 thl.
301 4246 381 4297 littera
393 4254 491 4310 mutant,
504 4262 527 4296 a.
554 4244 647 4298 lituras
658 4252 781 4308 mutantes,
792 4241 821 4305 β.
842 4285 872 4296 ..
900 4242 1037 4307 blechonem,
1049 4245 1080 4294 T.
1108 4243 1241 4304 blendumen,
