2754 4726
144 261 205 326 196
495 270 699 320 urrunnun
721 269 916 319 maronam

144 427 202 493 sed
230 438 263 492 et
289 425 323 490 in
349 422 400 490 his
421 435 454 490 et
475 424 510 488 in
531 422 602 488 aliis
624 421 772 488 omnibus
794 443 834 486 ex
856 431 972 486 eventu
995 418 1265 506 significationum

141 525 285 614 intellegi
308 527 416 591 sidera
436 522 611 601 debebunt,
634 544 698 587 non
720 522 762 586 ad
783 521 853 586 dies
874 519 984 607 utique
1005 520 1192 607 praefinitos
1206 544 1265 587 ex·

142 626 282 713 spectari
304 635 531 717 tempestatum
552 622 743 689 vadimonia.

184 728 235 793 63.
262 727 327 793 Per
347 726 494 792 brumam
515 724 614 790 vitem
634 746 675 789 ne
697 723 800 789 colito.
834 722 922 788 Vina
943 733 1012 788 tum
1034 723 1192 788 defaecari
1213 725 1265 790 vel
1278 739 1329 785 aaa

141 828 237 895 etiam
257 825 396 893 diffundi
417 825 572 914 Hyginus
599 825 713 890 suadet
741 847 761 888 a
789 824 934 888 confecta
960 845 998 888 ea
1020 818 1172 909 ‘septumo
1199 824 1263 905 die,

140 928 252 1013 utique
274 929 302 994 si
325 938 473 1013 septuma
493 928 570 993 luna
592 934 757 1012 conpetat,
781 947 893 991 cerasa
915 924 1000 990 circa
1021 925 1169 990 brumam
1190 925 1263 991 seri.

140 1029 255 1096 Bubus
276 1028 428 1118 glandem
449 1036 519 1093 tum
540 1027 692 1113 adspergi
720 1025 869 1092 convenit
891 1024 925 1088 in
946 1025 1024 1112 iuga
1046 1026 1173 1112 singula
1194 1050 1264 1093 mo·

141 1130 229 1210 dios;
262 1128 384 1217 largior
409 1127 627 1195 valetudinem
652 1127 802 1204 infestat,
831 1137 864 1191 et
890 1148 1092 1211 quocumque
1120 1137 1264 1214 tempore

142 1232 247 1310 detur,
271 1231 299 1295 si
320 1229 428 1295 minus
449 1251 522 1311 xxx
544 1227 659 1293 diebus
682 1227 841 1293 continuis
856 1227 930 1292 data
944 1226 997 1306 sit,
1019 1237 1152 1292 narrant
1165 1250 1265 1294 verna

120 1345 125 1350 ’
142 1331 250 1400 scabie
271 1331 445 1416 paenitere.
481 1327 641 1393 Materiae
663 1327 846 1392 caedendae
868 1336 994 1411 tempus
1016 1327 1078 1394 hoc
1099 1328 1262 1406 dedimus3
1277 1343 1326 1388 aaa

68 1442 73 1452 '
139 1433 265 1518 reliqua
290 1452 389 1518 opera
415 1440 572 1495 nocturna
598 1451 747 1494 maxume
774 1427 885 1514 vigilia
910 1436 1068 1507 constent,
1100 1451 1174 1496 cum
1200 1429 1265 1495 sint

139 1546 251 1601 noctes
272 1543 363 1598 tanto
384 1532 553 1618 ampliores
559 1554 568 1607 ;
596 1530 725 1614 qualos,
748 1528 861 1607 cratis,
884 1528 1012 1596 fiscinas
1033 1539 1155 1608 texere,
1176 1531 1264 1597 faces

140 1634 298 1713 incidere,
330 1633 447 1700 ridicas
475 1653 669 1719 praeparare
696 1629 837 1696 interdiu
865 1652 954 1709 xxx,
987 1630 1079 1716 palos
1107 1653 1150 1694 ax
1176 1631 1264 1696 etin

140 1737 363 1803 lucubratione
385 1733 569 1820 vespertina
589 1731 708 1798 ridicas
719 1756 751 1810 v,
768 1732 856 1818 palos
867 1755 902 1810 x,
917 1731 1050 1798 totidem
1063 1733 1262 1798 antelucana

183 1838 235 1902 64.
268 1835 302 1901 Α
329 1836 444 1901 bruma
470 1834 504 1899 in
532 1832 696 1899 favonium
726 1831 858 1899 Caesari
886 1833 1006 1919 nobilia
1032 1833 1138 1899 sidera
1159 1832 1262 1920 sigui·
1276 1847 1327 1891 284

141 1937 249 2017 licant,
283 1935 377 2002 tertio
409 1935 563 2001 kalendas
595 1934 761 2000 Ianuariae
793 1932 951 2000 matutino
983 1934 1070 2000 canis
1099 1934 1262 2014 occidens,

142 2061 207 2124 quo
228 2038 281 2105 die
302 2036 434 2103 Atticae
449 2048 482 2102 et
496 2034 640 2100 finitimis
654 2035 838 2121 regionibus
854 2019 961 2118 aquila
974 2035 1103 2121 vesperi
1116 2036 1264 2102 occidere

141 2139 288 2205 traditur.
317 2136 428 2203 Pridie
451 2159 552 2202 nonas
573 2135 738 2201 Ianuarias
761 2133 894 2201 Caesari
914 2135 1085 2223 delphinus
1106 2135 1264 2202 matutino

142 2239 285 2305 exoritur
307 2246 340 2302 et
360 2246 490 2321 postero
511 2235 564 2300 die
585 2235 724 2313 fidicula,
746 2257 810 2320 quo
825 2237 981 2324 Aegypto
997 2236 1115 2323 sagitta
1136 2237 1265 2323 vesperi

141 2338 271 2406 occidit.
293 2336 378 2403 Item
399 2338 442 2401 ad
462 2360 507 2402 vr.
530 2336 604 2402 idus
625 2335 792 2402 Ianuariae
814 2336 959 2403 eiusdem
972 2337 1115 2424 delphini
1129 2360 1264 2424 vesper·
1277 2348 1325 2394 2³⁶

142 2441 209 2506 tino
229 2461 347 2505 occasu
369 2438 510 2504 continui
531 2438 602 2503 dies
622 2437 763 2504 hiemant
785 2437 913 2517 Italiae,
944 2461 1017 2504 cum
1039 2440 1087 2505 sol
1107 2438 1142 2503 in
1163 2460 1264 2523 aqua·

141 2540 226 2605 rium
247 2539 402 2603 sentiatur
424 2537 571 2617 transire,
587 2540 674 2623 quod
688 2539 758 2604 lere
770 2562 843 2604 xvr.
856 2539 1010 2604 kalendas
1024 2537 1124 2605 Febr.
1138 2541 1262 2616 evenit}

143 2663 214 2706 vm.
229 2639 386 2706 kalendas
402 2640 492 2706 stella
505 2627 597 2727 regia
618 2641 779 2727 appellata
793 2638 957 2706 Tuberoni
971 2640 1005 2704 in
1019 2650 1147 2728 pectore
1160 2641 1264 2720 leonis

173 2832 251 2880 prae.
262 2813 364 2880 ,finitoa
376 2829 399 2864 a.

178 2885 263 2947 §282
286 2883 395 2930 alternae
407 2880 482 2942 colito,
494 2885 518 2932 d.
541 2889 618 2931 autem
629 2879 731 2942 insolito,
743 2896 767 2930 a.
787 2921 818 2931 ..
840 2897 875 2943 eo,
887 2883 930 2932 ad.
950 2921 981 2931 ..
1000 2880 1137 2944 cerodae.
1156 2921 1188 2931 ..
1208 2889 1264 2941 tum,

144 2952 189 3000 ad.
220 2959 286 3012 tane,
306 2944 358 3014 βγ.
381 2991 412 2999 -
445 2951 470 2998 in
479 2947 545 3014 'iupa
562 2947 671 3013 stapulo,
689 2965 713 2998 a.
743 2948 768 2997 ic
783 2948 879 3013 angula
894 2948 963 3013 iupa,
981 2953 1006 2999 d.
1036 2947 1134 3013 iugatim
1151 2947 1264 3013 ainpaloa

145 3021 217 3069 codd.
231 3019 288 3069 Gel.
307 3059 337 3067 -
356 3015 441 3077 modio,
453 3033 477 3067 a.
496 3059 528 3067 ..
546 3015 707 3077 valitudinem,
718 3033 741 3066 a.

179 3088 264 3149 §233.
291 3084 488 3148 Maroneam.
514 3083 631 3146 Materia,
643 3100 666 3134 a.
692 3082 813 3145 Moteriei,
825 3078 876 3147 βγ.
895 3124 927 3133 -
949 3081 1084 3146 cedentaa.
1104 3123 1136 3132 -
1157 3081 1265 3133 dedimus

148 3157 188 3211 16,
203 3158 249 3202 188
262 3167 332 3215 seqq.
351 3194 382 3202 -
401 3160 512 3210 consuat,
524 3155 569 3204 ad.
596 3159 711 3213 mnarum,
722 3146 772 3216 βγ.
792 3193 823 3201 -
840 3149 954 3212 νίηᾰίοαε,
966 3167 990 3202 a.
1008 3191 1040 3200 ..
1058 3148 1162 3199 interdiu
1177 3148 1265 3212 CXX,

147 3220 266 3271 Schneid.
278 3222 310 3267 ad
323 3218 458 3269 Columell.
470 3220 519 3270 XI.
532 3227 556 3281 2,
570 3225 609 3271 12.
627 3260 658 3270 ...
678 3218 760 3283 polus,
772 3235 795 3269 a
813 3259 844 3268 ..
864 3226 886 3266 at
897 3217 929 3279 in,
941 3235 965 3269 a.
987 3217 1020 3278 in,
1032 3213 1103 3282 ἀβγ.
1122 3259 1154 3267 ..
1173 3216 1265 3266 antela-

147 3302 215 3342 ωηο,
227 3289 250 3334 d.
269 3283 441 3339 antelucanum.
453 3301 476 3335 a.

180 3355 264 3417 §234
290 3351 417 3416 signficat,
432 3367 452 3401 r.
472 3392 503 3401 ..
529 3351 673 3412 baoarios,
691 3353 772 3402 schol.
789 3352 907 3403 German.
933 3350 1011 3414 Iona,
1027 3369 1050 3403 a
1076 3349 1197 3409 Ianuarii,
1213 3347 1264 3417 βγ.

146 3422 252 3470 Prorsus
264 3421 353 3467 eadem
364 3420 403 3469 bis
414 3418 480 3469 infra
491 3426 644 3482 repetuntur.
664 3459 694 3468 -
722 3419 820 3482 vesperi,
832 3437 854 3469 a
881 3435 982 3484 vespere,
995 3423 1011 3470 d
1023 3417 1116 3481 (schol.
1130 3418 1265 3484 German.)

150 3527 177 3536 -
203 3502 261 3549 qao,
279 3487 324 3535 ad.
350 3485 458 3549 quondo,
475 3486 556 3536 schol.
574 3485 693 3536 German
713 3527 744 3535 -
770 3485 888 3552 Aegypto,
906 3489 989 3537 omitt.
1001 3488 1080 3537 schol.
1093 3487 1214 3537 German.
1233 3528 1265 3537 -

147 3552 232 3617 aquilo
242 3569 289 3618 pro
300 3552 391 3618 eopitto
402 3556 574 3616 reponendum
586 3569 641 3603 esse
652 3555 688 3602 ait
697 3555 840 3604 Pontedera
851 3556 978 3618 antiquitt.
989 3570 1014 3619 p.
1028 3557 1085 3604 367.

181 3624 266 3685 §aaa
289 3620 330 3680 nd,
342 3638 365 3672 a.
388 3637 412 3682 o,
425 3623 448 3670 d.
468 3621 525 3671 Om.
538 3621 620 3670 schol.
633 3621 751 3672 German.
771 3662 802 3670 ..
827 3621 864 3682 V„
882 3624 964 3672 schol.
976 3622 1096 3673 German.
1115 3663 1147 3671 -
1172 3637 1265 3685 vespm-

149 3688 211 3736 tlaua
226 3704 322 3736 occasus
337 3697 360 3737 et
371 3688 480 3748 matiani,
497 3688 576 3738 schol.
589 3688 708 3739 German.
728 3729 759 3738 ..
777 3687 865 3749 Mamm,
883 3691 964 3741 schol.
978 3690 1098 3740 German.
1116 3729 1148 3738 ..
1167 3688 1266 3750 Italiae,

147 3771 206 3816 cum,
217 3756 306 3804 Daleo.
319 3764 345 3805 et
356 3757 435 3806 schol.
448 3756 567 3807 German.
589 3754 678 3805 Italiae
690 3764 712 3803 et
723 3773 781 3813 cum,
793 3751 887 3821 adssr.
910 3797 934 3806 -
955 3756 1079 3819 renuatur,
1092 3758 1136 3807 ad.
1159 3757 1266 3818 ranno,

147 3823 228 3872 schol.
241 3823 360 3873 German.
375 3819 426 3889 βγ.
446 3865 477 3874 ..
503 3824 537 3875 X
541 3823 593 3885 VL,
610 3827 655 3875 ad.
681 3824 714 3875 X
720 3822 799 3885 Vffl,
817 3826 897 3874 schol.
915 3824 1034 3876 German.
1058 3864 1090 3874 -
1120 3821 1204 3886 Vlla,
1220 3827 1265 3875 ad.

147 3890 180 3940 Χ
184 3888 268 3950 VHL,
285 3892 367 3940 schol.
379 3891 497 3942 German.
517 3933 548 3942 ..
571 3892 651 3957 rapio,
669 3893 782 3956 plerique
799 3894 872 3942 codd.
888 3893 993 3942 Barbari
1012 3900 1037 3942 et
1049 3893 1130 3942 schol.
1143 3891 1265 3942 German.

147 3956 215 4020 repta
226 3956 309 4018 mersit,
322 3961 345 4009 d.
367 3960 448 4023 repiae
459 3959 528 4018 venit,
540 3976 563 4010 a.
581 4001 613 4010 ..
637 3961 702 4010 taber
715 3958 793 4019 leona
805 3960 947 4009 Pontedera
957 3961 975 4008 l.
987 3960 1005 4009 l.
1018 3975 1043 4024 p.
1056 3965 1114 4010 358.
1133 4000 1165 4009 -
1188 3967 1266 4015 tauta-

148 4024 202 4085 ta'rm,
215 4027 294 4076 schol.
307 4025 426 4076 German.
444 4027 568 4089 matutino,
580 4028 624 4077 ad.
644 4068 676 4077 -
693 4025 792 4091 vesperi,
803 4026 884 4076 schol.
896 4026 1016 4077 German.
1034 4042 1140 4090 vepera,
1152 4029 1197 4078 ad.

181 4090 266 4151 §aaa
294 4093 468 4154 terramada.
495 4093 671 4155 dranum.
690 4135 721 4144 ..
745 4093 907 4155 νοεανίαηι,(1.
927 4134 959 4143 ..
981 4093 1045 4155 LX,
1061 4111 1084 4144 a.
1106 4094 1201 4157 LXX,
1213 4096 1266 4146 To.

146 4157 203 4219 IX,
219 4162 306 4211 Potav.
322 4164 390 4224 apud
406 4164 476 4212 Brot.
492 4176 518 4227 r.
536 4203 568 4211 ..
589 4161 693 4224 sarcir03
711 4162 771 4212 huic
787 4163 843 4210 voci
858 4164 892 4211 ad
907 4164 1048 4225 marginem
1064 4163 1192 4226 adscripta
1207 4169 1267 4212 sunt

146 4229 174 4277 in
180 4228 210 4278 Ἰ)
222 4227 299 4277 ovium
313 4229 437 4293 tepimeota
448 4229 472 4278 in
484 4229 588 4292 annam,
604 4233 636 4280 de
649 4230 740 4295 quibus
751 4230 831 4280 verbis
844 4230 904 4292 qnid
916 4231 949 4280 sit
960 4231 1130 4293 statuendum,
1142 4244 1196 4281 non
1209 4245 1266 4295 per·
