2754 4726
275 334 281 339 .
382 304 452 351 nra.
468 304 530 351 xx.
559 301 637 350 cnr.
652 277 726 351 xrur.
754 301 853 350 sacr.
869 304 950 349 snas
1157 286 1219 352 329

104 463 246 520 vocatur.
270 449 446 518 Gustatum
460 475 479 516 a
492 475 610 539 pecore
625 453 793 541 caprisque
806 451 950 519 balatum
963 452 1112 530 concitat,
1135 452 1221 518 unde

104 555 235 639 quidam
257 550 375 620 Graeci
396 553 502 620 littera
524 563 646 620 mutata
666 552 856 620 blechonem
869 564 1075 619 vocaverunt.
1097 552 1222 618 Natura

104 654 171 719 tam
192 653 322 720 fervens
344 663 394 719 est
414 665 450 719 ut
470 654 577 720 inlitas
591 654 693 741 partis
708 653 881 721 exulceret.
902 652 942 718 In
956 652 1038 718 tussi
1053 675 1094 718 ex
1107 653 1222 740 perfri-

104 754 207 820 ctione
229 754 338 819 fricari
359 765 435 821 ante
457 753 584 821 balinea
605 756 755 822 convenit
774 766 807 820 et
826 764 901 820 ante
915 753 1134 819 accessionum
1147 752 1222 817 hor·

104 875 210 919 rorem
233 854 392 921 convolsis
414 865 448 922 et
468 854 668 922 torminibus.
703 855 863 941 Podagris
883 853 963 919 mire
984 853 1126 940 prodest,
1148 870 1284 937 spa-157

105 955 193 1020 sticis
223 978 296 1020 cum
323 957 416 1021 melle
443 966 475 1021 et
505 957 570 1023 sale
592 956 767 1023 bibendum
789 956 898 1033 datur,
930 955 1119 1041 pulmonum
1144 953 1224 1019 vitia

105 1053 315 1120 exscreabilia
342 1056 429 1121 facit.
465 1057 523 1121 Ad
547 1056 664 1123 lienem
691 1079 765 1122 cum
786 1058 852 1123 sale
874 1055 951 1121 utile
973 1065 1023 1133 est
1043 1064 1075 1121 et
1095 1053 1224 1120 vesicae

105 1165 138 1220 et
163 1155 310 1241 suspiriis
337 1168 370 1222 et
396 1157 630 1237 inflationibus,
664 1157 831 1224 decoctum
859 1179 937 1223 suco
966 1154 1156 1240 aequaliter,
1191 1164 1224 1220 et

105 1255 215 1321 volvas
242 1256 375 1345 corrigit
406 1268 439 1324 et
465 1268 576 1324 contra
601 1258 842 1344 scolopendram
870 1267 1054 1323 terrestrem
1079 1256 1134 1321 vel
1153 1277 1223 1320 ma-

104 1353 219 1433 rinam,
251 1356 330 1422 item
357 1357 552 1444 scorpiones,
585 1357 798 1444 privatimque
828 1357 915 1423 valet
949 1367 1060 1423 contra
1087 1355 1224 1421 hominis

105 1475 257 1520 morsum.
279 1455 387 1522 Radix
401 1468 512 1524 contra
524 1458 734 1525 increscentia
747 1458 855 1523 ulcera
869 1479 981 1524 recens
991 1455 1223 1543 potentissima,

105 1555 196 1620 arida
217 1578 294 1621 vero
316 1558 519 1625 cicatricibus
540 1559 689 1626 decorem
709 1558 823 1624 adfert.
962 1556 968 1563 ’

149 1657 200 1721 56.
222 1655 305 1722 Item
326 1660 433 1743 puleio
455 1671 505 1726 est
526 1670 726 1747 nepetaeque
749 1661 894 1726 sodates.
921 1659 1064 1725 Decocta
1084 1659 1120 1725 in
1141 1680 1225 1743 aqua
1240 1673 1288 1719 iss

104 1756 148 1820 ad
169 1756 281 1823 tertias
303 1757 480 1825 discutiunt
500 1761 623 1848 frigora
643 1759 876 1845 mulierumque
898 1760 1068 1825 menstruis
1090 1767 1225 1845 prosunt

105 1866 139 1919 et
159 1866 282 1922 aestate
304 1859 418 1924 sedant
440 1859 571 1926 calores.
606 1859 734 1951 Nepete
762 1882 890 1946 quoque
917 1859 996 1926 viris
1024 1868 1133 1925 contra
1156 1881 1224 1925 ser-

105 1956 211 2041 pentis
238 1957 352 2034 habct3
385 1960 508 2024 fumum
538 1984 579 2027 ex
606 1983 645 2027 ea
670 1960 878 2045 nidoremque
907 1959 1054 2048 fugiunt,
1076 1981 1172 2044 quarn
1194 1969 1227 2025 et

107 2054 311 2125 substernere
332 2059 367 2124 in
388 2071 476 2126 metu
498 2083 536 2127 eo
557 2060 740 2126 dormituris
759 2060 837 2125 utile
852 2071 910 2127 est.
933 2060 1045 2125 Tunsa
1058 2058 1225 2146 aegilopiis

105 2157 269 2243 inponitur
290 2171 323 2225 et
344 2161 460 2247 capitis
482 2161 645 2229 doloribus
665 2184 779 2228 recens
802 2183 875 2228 eum
904 2161 998 2227 tertia
1018 2170 1110 2247 parte
1130 2159 1226 2246 panis

107 2266 284 2344 temperata
305 2272 397 2328 aceto
416 2261 572 2328 inlinitur.
592 2260 709 2335 ¹Sucus
731 2262 800 2328 eius
821 2262 992 2329 instillatus
1013 2260 1148 2328 naribus
1170 2283 1226 2326 su·

106 2358 191 2444 pinis
212 2361 405 2446 profluvium
427 2364 592 2452 sanguinis
615 2363 709 2443 sistit,
731 2364 810 2429 item
822 2364 916 2428 radix
929 2385 1013 2449 quae
1034 2385 1118 2451 cum
1128 2361 1226 2447 myrti

107 2459 227 2525 semine
248 2460 283 2524 in
305 2485 402 2547 passo
424 2464 533 2549 tepido
554 2464 760 2552 gargarizata
782 2464 909 2550 anginis
930 2464 1086 2530 medetur.

149 2562 200 2626 57.
224 2560 399 2626 Cuminum
414 2562 559 2629 silvestre
581 2576 631 2628 est
651 2573 837 2649 praetenue,
861 2563 1022 2649 quaternis
1044 2574 1100 2629 aut
1119 2561 1226 2646 quinis
1242 2577 1289 2622 lac

105 2661 190 2726 foliis
212 2661 312 2726 veluti
334 2661 482 2741 serratis,
506 2663 564 2728 sed
584 2672 621 2726 ut
640 2662 743 2729 sativo
757 2685 895 2750 magnus
909 2685 999 2741 usus,
1021 2662 1055 2726 in
1070 2661 1227 2727 stomachi

105 2761 282 2848 praecipue
310 2762 470 2829 remediis.
505 2762 648 2831 Discutit
673 2763 835 2851 pituitas„
857 2763 1036 2830 inflationes
1064 2763 1173 2828 tritum
1194 2771 1227 2827 et

107 2885 181 2928 cum
209 2885 293 2948 pane
321 2875 485 2950 sumptum
512 2865 565 2933 vel
590 2876 703 2952 potum
731 2887 772 2930 ex
798 2887 883 2950 aqua
904 2865 1059 2950 vinoque,
1092 2862 1228 2929 tormina

111 3027 139 3084 θ.
158 3033 279 3096 hieronem,
289 3039 312 3086 d.
330 3035 468 3100 olbeconem,
479 3055 501 3091 a.
521 3038 639 3101 blechona,
651 3053 692 3104 rr.
711 3037 813 3100 blechon,
824 3033 854 3101 β.
864 3079 895 3088 ...
908 3035 939 3086 In
952 3037 1010 3087 tucri
1020 3054 1051 3087 ea
1058 3035 1227 3102 perfrictione;

107 3117 153 3166 pro
165 3102 214 3152 hac
225 3105 348 3166 scriptura
359 3101 422 3166 exst
432 3114 551 3158 revocata
559 3108 636 3158 habet
648 3107 708 3156 tusci
717 3106 779 3154 inter
781 3105 912 3169 frictiones
921 3101 950 3167 θ,
969 3105 1028 3154 tussi
1038 3105 1065 3153 in
1073 3101 1228 3167 perfrictione

107 3186 124 3219 a
128 3185 154 3235 γ,
173 3177 222 3218 tuso
234 3170 259 3218 in
267 3171 434 3235 perfrictiones
446 3174 498 3223 Td.
516 3172 547 3223 In
560 3174 620 3223 trusi
628 3173 654 3222 in
662 3173 824 3237 perfrictione,
836 3173 940 3222 Barbar.
952 3213 984 3222 ..
1003 3179 1065 3232 ante,
1077 3172 1122 3220 ad.
1141 3185 1182 3230 an,
1197 3162 1226 3219 θ.

109 3276 141 3286 ..
159 3235 261 3297 balineo,
276 3231 324 3288 Oa.
352 3237 445 3300 balnea,
462 3235 533 3304 ᾱβγ.
552 3281 583 3290 ..
610 3239 764 3289 maionem
780 3238 920 3302 bonnac.
946 3238 1074 3290 konnen.
1098 3234 1228 3300 (lenonicia,

108 3303 245 3352 tonninibns
256 3312 278 3353 et
285 3303 410 3369 podcpric,
421 3307 512 3356 Dalec.
1194 3312 1197 3317 ’

44 3436 46 3442 λ
142 3373 227 3435 5157.
255 3371 375 3435 spasticis,
392 3374 460 3423 Pint.
485 3373 594 3436 porticu,
609 3367 920 3439 OTd.·lrepaticia,cssr.
941 3416 971 3426 ..
994 3391 1044 3425 cnm
1055 3369 1227 3433 molberaco,

107 3438 175 3489 Pina
193 3479 225 3488 ..
249 3446 285 3487 ert
295 3447 325 3500 et,
337 3456 361 3489 a.
384 3447 413 3500 et,
427 3441 451 3489 d.
469 3481 500 3490 ..
525 3439 650 3492 decoctum.
673 3441 764 3493 Snccrn
779 3441 912 3506 aequaliter
923 3444 1058 3505 et,.Dalec.
1079 3439 1228 3491 Potiusali·

108 3507 170 3569 quid
186 3507 310 3556 excidisse
326 3508 435 3568 ridetur,
453 3514 483 3557 ut
498 3507 552 3558 fers
567 3509 633 3559 Plin.
651 3510 777 3573 scripserit
794 3507 910 3559 muctam
927 3526 987 3559 carn
1074 3523 1141 3569 ecco3
1164 3507 1228 3555 latet

107 3573 547 3636 nomenignctaealieuiushcrbae.
566 3616 598 3625 ..
615 3575 767 3640 privatimve,
779 3577 824 3626 ad
850 3576 984 3641 scorpiones
995 3570 1228 3637 cclctprivctimqns

108 3648 199 3701 contro,
210 3641 299 3691 Delec.
318 3681 350 3691 ...
368 3641 525 3703 increscentis,
537 3643 561 3692 d.
580 3682 612 3692 ..
630 3657 717 3703 recens,
735 3643 816 3694 omitt.
829 3644 880 3695 Tu.
900 3685 930 3694 -
950 3643 1057 3703 morem,
1068 3640 1157 3691 Heius.
1169 3639 1227 3688 adv.

108 3723 231 3839 p5158.
257 3772 358 3835 Iterum,
375 3777 407 3826 Τ.
431 3817 462 3825 -
488 3776 606 3836 Decocta,
622 3777 666 3826 ad.
692 3775 800 3824 Decocta
815 3776 889 3836 enirn,
905 3771 956 3840 βγ.
980 3815 1011 3825 ..
1038 3773 1129 3836 tertios
1148 3775 1172 3823 d.
1193 3813 1226 3824 .-

78 3858 81 3865 ’
105 3840 212 3906 prodest,
223 3845 268 3893 ad.
288 3884 318 3892 ..
336 3859 420 3906 qncm3
437 3858 484 3907 pro
496 3845 523 3893 h.
535 3859 558 3893 v,
570 3844 665 3893 habent
680 3843 718 3891 ad
735 3840 827 3905 qualia,
844 3844 911 3894 uude
922 3858 971 3905 qna
982 3840 1082 3906 resolia
1091 3841 1228 3905 legendum

108 3918 179 3972 puto.
197 3950 229 3958 ..
248 3918 278 3969 et,
291 3925 341 3959 om.
353 3913 377 3961 d.
392 3952 422 3960 ..
441 3911 569 3970 subtraere,
582 3927 604 3960 a.
622 3951 653 3959 ..
671 3924 698 3958 eo
710 3907 852 3970 dormitoria,
865 3911 889 3959 d.
907 3924 934 3958 eo
944 3907 1077 3970 domitari,
1092 3901 1121 3959 θ.
1140 3916 1163 3956 et
1173 3905 1228 3956 dor·

108 3973 208 4037 mitaris,
221 3977 253 4026 Τ.
276 3975 448 4038 obdormitarir,
460 3974 531 4041 adr.
550 4019 581 4028 ..
606 3974 739 4042 cepilopiic,
757 3992 780 4025 a.
803 3974 928 4040 ocpilopir,
940 3972 989 4039 rc.
1007 4016 1040 4027 -
1058 3991 1119 4040 qnae
1130 3989 1228 4025 comre-

108 4044 169 4092 mine
180 4043 207 4092 in
220 4042 302 4092 balneo
312 4047 477 4108 parparizctc,
489 4061 508 4095 r.
1108 4057 1111 4063 '

142 4113 157 4175 ξ
172 4116 228 4161 159.
251 4109 357 4160 silvestre
369 4119 414 4172 est3
430 4128 477 4176 pro
494 4115 534 4165 his
552 4128 590 4162 vv.
603 4113 681 4163 habet
693 4120 727 4161 ast
737 4110 854 4160 silvestris
865 4129 892 4173 a,
910 4119 945 4160 est
956 4119 978 4160 et
988 4109 1094 4161 aduam
1104 4112 1156 4163 Td.
1180 4110 1229 4162 Cs-

109 4189 190 4230 terum
202 4194 226 4228 v.
237 4180 356 4229 Dioscor.
368 4186 392 4239 3,
406 4185 446 4230 61.
459 4185 500 4230 62.
520 4222 550 4230 -
574 4178 618 4229 aed
628 4188 661 4242 nt,
673 4197 696 4231 a.
722 4177 798 4240 sedon
811 4181 835 4229 d.
861 4177 905 4228 red
915 4187 945 4242 et,-
961 4174 1013 4244 pir.
1032 4219 1064 4229 ..
1087 4177 1230 4243 irpictionee,

109 4247 154 4303 ad.
172 4253 195 4305 et
205 4244 346 4309 inflationes,
358 4240 409 4310 βγ.
