2754 4726
379 313 448 359 um.
463 313 538 359 xus.
568 312 646 359 cnr.
665 313 738 360 vn1.
768 312 865 360 sacr.
880 315 962 359 sua.
1170 301 1232 365 279

155 464 207 527 47.
240 462 365 529 Eodem
393 474 535 549 tempore
560 462 676 527 seritur
697 473 805 529 menta
825 462 935 550 planta
956 465 1018 544 vel,
1041 465 1068 529 si
1090 465 1233 531 nondum
1249 485 1294 530 ua

112 561 281 648 germinat,
304 585 456 649 spongea.
485 562 559 629 Non
581 562 686 627 minus
708 564 787 628 haec
809 563 918 628 umido
939 564 1060 651 gaudet
1067 589 1078 641 ;
1110 576 1232 632 aestate

111 663 210 741 viret,
231 663 335 728 hieme
356 664 507 729 flavescit.
544 661 656 729 Genus
679 665 750 730 eius
773 664 917 730 silvestre
939 676 1164 742 mentastrum
1186 688 1228 732 ex

111 763 173 829 hoc
195 776 395 851 propagatur
416 776 453 829 ut
474 765 560 844 vitis,
584 764 635 829 vel
649 765 677 829 si
692 765 812 830 inversi
827 765 908 829 rami
924 776 1080 830 serantur.
1101 766 1233 833 Mentae

111 886 227 928 nomen
249 865 390 930 suavitas
411 866 518 931 odoris
539 866 626 950 apud
643 864 786 932 Graecos
807 866 955 944 mutavit,
977 887 1052 932 cum
1061 876 1136 935 autc
1148 867 1232 932 min-

111 964 166 1028 tha
180 975 357 1043 vocaretur,
375 966 462 1032 unde
476 979 603 1033 veteres
617 967 718 1031 nostri
731 988 847 1031 nomen
862 965 1122 1045 declinaverunt3
1145 989 1233 1033 nunc

110 1075 218 1130 autem
245 1067 350 1151 coepit
371 1066 433 1131 dici
455 1063 694 1134 HATOCMON.
731 1063 834 1132 Grato
855 1077 963 1132 menta
985 1089 1113 1132 mensas
1134 1067 1232 1133 odore
1248 1086 1295 1131 roo

110 1166 269 1250 percurrit
288 1167 323 1230 in
336 1167 467 1232 rusticis
481 1166 631 1253 dapibus.
655 1165 764 1233 Semel
778 1178 849 1233 sata
863 1167 987 1233 diutina
1003 1179 1105 1232 aetate
1119 1167 1231 1240 durau

110 1267 259 1354 congruit
288 1266 410 1350 puleio,
438 1268 531 1334 cuius
558 1278 673 1332 natura
698 1268 733 1331 in
754 1268 907 1334 carnariis
929 1267 1136 1337 reflorescens
1158 1290 1229 1333 sac·

108 1366 184 1450 pius
206 1367 291 1432 dicta
312 1379 388 1432 est·
407 1367 500 1433 Haec
520 1389 648 1452 quoque
671 1379 840 1433 servantur
863 1368 958 1433 simili
980 1390 1117 1454 genere,
1139 1389 1230 1432 men-

110 1475 175 1529 tam
210 1466 283 1531 dico
315 1468 522 1554 puleiumque
553 1480 586 1534 et
618 1480 786 1554 nepetam3
820 1468 1092 1539 condimentorum
1124 1476 1229 1532 tamen

108 1567 249 1631 omnium
270 1568 409 1634 fastidiis
431 1569 596 1634 cuminum
617 1569 854 1635 amicissimum.
876 1567 1029 1634 Nascitur
1050 1569 1085 1632 in
1107 1589 1231 1632 summa
1246 1588 1289 1631 161

108 1666 219 1731 tellure
251 1669 308 1734 vix
339 1670 476 1734 haerens
508 1680 541 1735 et
567 1669 601 1733 in
627 1669 763 1735 sublime
786 1670 939 1745 tendens3
971 1669 1005 1733 in
1028 1666 1177 1755 putribus
1198 1679 1230 1734 et

107 1767 219 1832 calidis
248 1791 396 1834 maxume
423 1770 502 1835 locis
530 1770 636 1836 medio
665 1770 840 1835 serendum
861 1791 949 1835 vere.
986 1768 1137 1835 Alterum
1159 1768 1229 1834 eius

106 1889 210 1952 genus
244 1868 390 1934 silvestre
423 1870 510 1953 qnod
531 1869 687 1934 rusticum
707 1881 842 1947 vocant,
875 1871 931 1935 alii
952 1869 1168 1948 Thebaicum,
1201 1869 1228 1934 si

106 1966 219 2031 tritum
241 1990 283 2032 ex
305 1989 388 2052 aqua
408 1980 548 2054 potetur,
571 1968 606 2034 in
628 1969 738 2035 dolore
760 1970 914 2036 stomachi
928 1969 1071 2055 prodest
1091 1968 1131 2032 In
1146 1966 1227 2034 Car-

105 2067 234 2152 petania
266 2070 370 2134 nostri
405 2069 493 2135 orbis
519 2092 670 2135 maxume
694 2069 860 2147 laudatur,
893 2070 1012 2155 alioqui
1033 2068 1229 2154 Aethiopico

104 2166 280 2252 Africoque
302 2170 408 2256 palma
429 2180 494 2251 cst3
517 2170 647 2256 quidam
670 2170 732 2237 hoc
748 2171 916 2257 Aegyptio
937 2170 1135 2256 praeferunt

146 2271 197 2334 48.
222 2269 290 2335 Sed
311 2272 484 2358 praecipue
505 2273 681 2338 olusatrum
701 2271 804 2352 mirae
824 2281 958 2337 naturae
978 2281 1045 2347 est;
1071 2269 1225 2356 hippose·
1242 2288 1288 2334 res

102 2368 203 2434 linum
226 2367 345 2438 Graeci
371 2384 504 2450 vocant,
531 2372 585 2437 alii
613 2371 805 2456 zmyrnium.
841 2371 873 2435 E
898 2371 1032 2436 lacrima
1052 2371 1153 2436 caulis
1174 2370 1225 2435 sui

104 2471 265 2546 nascitur3
288 2473 402 2539 seritur
424 2483 457 2539 et
476 2472 596 2540 radice.
625 2470 747 2538 Sucum
766 2471 836 2538 eius
850 2471 907 2555 qui
919 2471 1075 2559 colligunt
1096 2491 1225 2534 murrae

104 2642 170 2704 tacit,
183 2646 279 2709 Appul.
291 2661 316 2708 p.
330 2651 387 2696 281.
408 2685 438 2694 ..
462 2650 525 2704 onte,
535 2643 632 2708 Appul.
649 2640 748 2704 alioqui,
761 2637 831 2705 assr.
854 2639 969 2703 alioquin,
982 2641 1005 2688 d.
1024 2639 1081 2701 alio,
1093 2656 1115 2700 c,
1128 2642 1171 2704 qui
1184 2656 1222 2690 se-

103 2713 206 2775 quentia
221 2712 264 2776 qui
278 2710 497 2762 minua-nomen
513 2708 543 2759 de
558 2710 658 2760 omittit.
684 2708 842 2759 Advarbium
858 2706 952 2771 alioqui
961 2716 1044 2758 crtum
1057 2722 1090 2756 ex
1103 2716 1223 2770 corrupto

102 2779 220 2829 adverbio
232 2786 294 2839 onte,
313 2780 353 2828 cui
369 2793 477 2842 sequens
488 2777 587 2842 syllaba
598 2774 646 2824 min
657 2783 776 2839 conupta
787 2774 909 2835 adhaesit,
927 2775 999 2824 nulla
1010 2776 1109 2825 rationo
1121 2772 1222 2824 dolendi

103 2853 244 2908 potest...
269 2853 357 2894 veteres
368 2845 451 2908 rosei,
463 2846 507 2895 ad.
531 2842 614 2904 naabi,
626 2844 723 2907 Appul.
735 2838 787 2905 βγ.
805 2883 837 2893 ..
856 2856 946 2901 nomeu,
958 2842 1055 2906 Appul
1075 2841 1164 2892 Omitt
1176 2843 1221 2891 ad.

105 2953 136 2962 -
154 2911 336 2973 declinaverunt,
349 2913 446 2976 Appul.
464 2909 648 2970 doebacveront,
660 2911 727 2972 adr.
745 2908 900 2970 cliaoveraat
910 2925 931 2959 c.
950 2907 1138 2969 declaraverunt,
1146 2904 1176 2970 β.
1189 2948 1221 2959 -

103 2995 163 3028 ncnc
174 2988 252 3028 autem
264 2981 339 3042 coepit
350 2978 400 3028 dici
407 2972 616 3038 ΗΔΥΟΟΜΟΝ,
628 2977 725 3041 Appul.
748 2977 837 3029 Onia.
854 2971 966 3038 acdssr.
989 2977 1085 3026 Forma
1099 2971 1129 3025 τὸ
1140 2972 1220 3040 ἡδύο·

102 3061 180 3107 σμον,
190 3062 237 3110 pro
246 3061 298 3110 qua
305 3060 365 3096 sanc
373 3046 490 3096 usitatius
498 3040 650 3096 dicebaturd
662 3038 808 3109 ἡδύοσμος,
818 3045 895 3093 etiam
905 3042 1008 3093 Graecis
1017 3058 1071 3092 non
1079 3043 1222 3104 incognita3

103 3129 126 3163 v.
138 3115 256 3164 Dioscor.
268 3120 292 3173 6,
305 3119 348 3163 66.
363 3111 394 3160 τὸ
412 3109 445 3161 dl
461 3105 557 3177 clypeos
573 3106 788 3176 ἡδύοσμον-..
792 3105 896 3174 γίνεται
914 3106 1063 3173 δασύτερον
1075 3107 1144 3170 rra,
1163 3109 1222 3159 coll.

102 3181 213 3244 Hesych.
230 3197 250 3230 s.
265 3195 289 3228 v.
304 3175 390 3240 blada
407 3179 827 3240 etschol.Aristopb.ran.1107.
852 3176 995 3238 Vulgatam
1010 3176 1087 3226 huius
1098 3177 1148 3226 loci
1160 3173 1221 3227 siri-

102 3254 203 3311 pturam
215 3247 353 3296 defendunt
364 3249 466 3310 Zumpt.
477 3247 505 3295 iu
516 3243 630 3295 Bsrh'aer
639 3241 741 3293 Jahrbb.
750 3243 778 3306 f.
795 3241 925 3292 abacuch
937 3241 1023 3294 Kritr'k
1037 3250 1110 3296 1639.
1123 3259 1166 3293 no.
1180 3244 1219 3295 79.

102 3330 127 3377 p.
141 3319 198 3364 627.
211 3321 237 3363 et
246 3313 301 3362 Ian.
317 3315 344 3362 in
359 3321 441 3363 nunti.
458 3313 564 3362 litterar.
580 3310 683 3361 Monac.
702 3316 776 3362 1669.
791 3324 833 3360 no.
846 3316 904 3362 206.
919 3327 945 3376 p.
959 3316 1025 3373 tia,
1042 3312 1220 3376 supplemento

102 3381 225 3444 Appuleii
241 3389 270 3430 ut
285 3380 417 3430 subditicio
436 3381 567 3439 damnato,
584 3392 643 3428 cum
654 3393 685 3428 eo
696 3379 790 3429 reiecto
801 3378 952 3440 nesciamus,
968 3382 1098 3444 quomodo
1110 3380 1220 3430 suavitas

102 3448 186 3497 odoris
197 3450 264 3510 apud
277 3447 388 3498 Graecos
399 3461 493 3496 nomen
504 3446 619 3496 minthae
630 3447 771 3497 mutaverit

136 3517 221 3578 §itio
248 3521 363 3575 mentua
381 3514 547 3577 Omittcdy.
570 3553 602 3562 ..
628 3512 759 3577 caepim,
772 3517 828 3562 108.
852 3519 892 3573 16,
905 3516 963 3563 227.
991 3526 1021 3562 .·-
1049 3520 1219 3577 nepetunr,ac.

103 3588 204 3644 neptam,
221 3583 245 3631 d.
271 3575 429 3642 nepitam‚13.
451 3621 482 3630 ...
510 3580 590 3629 omnia
600 3595 644 3647 qap
648 3578 769 3643 fastidiis,
781 3581 844 3629 aed.
869 3578 1163 3642 irrwndimentosumptu.
1188 3574 1220 3627 Ia

103 3647 182 3696 clunia
201 3663 264 3709 quoe
274 3646 381 3710 fastidio
399 3654 455 3696 aunt
473 3646 589 3696 rammam
609 3644 784 3707 amidmimm,
799 3648 849 3696 r¹².
882 3644 1123 3696 Condimentarieram
1141 3653 1220 3694 mmeu

103 3714 202 3762 omnam
213 3714 328 3763 stomachi
330 3712 509 3777 fastidiis‚K'.
536 3712 810 3777 ommumqwfustidiis,
826 3713 875 3763 K2.
902 3715 986 3764 Locus
1002 3715 1040 3764 ita
1049 3715 1220 3763 mutilatores

104 3791 237 3845 corruptus
248 3791 294 3843 est,
305 3789 335 3831 ut
346 3792 379 3831 ex
390 3783 484 3832 uostris
494 3781 613 3832 subsidiis
623 3781 723 3831 restitui
732 3794 786 3831 non
797 3782 886 3844 possit
910 3820 941 3829 ..
965 3787 1051 3842 umen,
1060 3794 1104 3831 aa
1125 3779 1182 3840 iam,
1195 3781 1221 3829 d.

135 3851 221 3911 5161.
245 3849 436 3912 pavitasset.
455 3843 631 3912 putrfflstr.
652 3886 678 3896 ..
696 3845 872 3911 quodomc.
892 3886 923 3897 ..
945 3845 1049 3910 prodest,
1061 3848 1142 3898 omitt.
1155 3848 1219 3897 aod.

104 3955 134 3964 ..
153 3915 230 3963 nostri
238 3915 308 3976 orbib,
320 3917 366 3965 ad.
395 3914 496 3979 nlporbt',
511 3929 533 3965 e.
556 3955 587 3965 -
614 3912 730 3978 alioquin,
747 3916 771 3964 d.
795 3954 826 3964 ..
852 3911 1008 3973 locheri.
1037 3909 1161 3979 luicstr.
1188 3953 1219 3962 .-

103 3981 228 4046 Aeqyptio,
240 3984 271 4034 T.
289 3981 442 4047 Aeyyptiam,
453 3977 564 4046 acdssr.

135 4048 151 4109 §
166 4054 221 4099 162.
248 4048 402 4110 inlusurum,
413 4051 449 4099 cd
461 4046 584 4114 (Appui)
603 4046 669 4097 iolas
680 4054 779 4109 usuum,
790 4064 814 4098 u.
832 4087 864 4098 -
882 4047 1020 4112 ancyritana,
1032 4048 1063 4098 Τ.
1081 4046 1219 4107 auaritiam,

103 4115 199 4178 Appul.
216 4115 348 4178 mimium,
359 4118 384 4166 d.
401 4116 523 4178 ambacu,
536 4132 559 4167 c,
574 4114 714 4180 smyrnium,
725 4128 770 4178 ar.
788 4111 965 4180 myrarum.
978 4154 1009 4165 ..
1027 4110 1111 4175 mulis,
1120 4113 1219 4179 Appul.

103 4182 185 4242 muas,
197 4185 261 4233 aed
280 4223 311 4234 ..
329 4182 375 4245 sci,
387 4181 580 4248 acd(Appul.)
596 4176 696 4244 ΟΜ.
714 4220 746 4233 ..
763 4178 1032 4246 diumdieahppul.
1051 4219 1082 4230 -
1100 4180 1219 4244 quiam

103 4247 338 4315 (Appul.)01n.r.
359 4290 390 4302 ...
412 4251 626 4316 marsuahml.
649 4246 770 4311 murtae,
780 4262 801 4299 r.
823 4241 1066 4314 apulae,acdssr.
