2754 4726
155 269 218 333 216
506 281 710 329 nmunnnrs
732 280 928 330 nrsnonmn

154 433 253 502 cineri
275 432 445 501 substratis
465 443 499 497 et
519 431 591 519 pice
612 430 712 496 inlitis
733 441 858 499 acetum
870 431 1065 498 habentibus
1076 432 1279 517 leguminum

154 556 285 603 acervos
307 532 562 621 superingerant,
584 531 631 597 ita
650 553 716 597 non
734 532 824 611 nasci
839 532 996 598 maleficia
1009 533 1187 599 credentes.
1208 535 1278 600 Alii
1291 552 1342 599 eos

153 628 189 702 in
214 633 463 701 salsamentariis
490 632 582 698 cadis
602 653 708 718 gypso
735 632 889 712 inlinunt,
916 632 1014 716 aliqui
1040 633 1159 699 lentem
1187 647 1278 708 aceto

153 736 357 823 laserpiciato
385 742 579 822 respergunt
605 733 819 817 siccatamque
847 734 918 799 oleo
947 745 1089 820 ungunt3
1118 735 1176 801 sed
1200 734 1277 803 bra-

154 839 287 906 vissima
299 834 498 912 observatio,
519 833 606 918 quod
625 833 712 899 vitiis
734 856 843 900 carere
863 834 944 900 velis
965 834 1135 907 interlunio
1154 836 1277 923 legere,

154 938 458 1026 quare-plurumum
470 935 584 1014 refert,
607 935 744 1001 condere
758 935 831 1019 quis
851 935 942 999 malit
963 958 1005 999 an
1026 935 1182 1016 vendere3
1205 958 1277 1004 ore-

155 1049 265 1108 scente
286 1037 372 1103 enim
391 1036 468 1102 luna
489 1036 651 1102 frumenta
671 1035 900 1124 grandescunt.

196 1138 339 1205 XXXI.
368 1139 419 1203 74.
447 1133 602 1222 Sequitur
623 1158 664 1202 ex
686 1136 843 1202 divisione
864 1146 1044 1222 temporum
1064 1148 1236 1205 autumnus
1258 1155 1340 1206 aeos

154 1241 303 1308 fidiculae
331 1260 447 1306 occasu
474 1238 517 1303 ad
539 1237 777 1323 aequinoctium
797 1260 837 1303 ac
858 1237 975 1304 deinde
997 1238 1203 1326 vergiliarum
1223 1261 1276 1306 oo·

156 1364 266 1410 casum
283 1339 475 1424 initiumque
497 1338 621 1406 hiemis.
643 1337 683 1403 In
703 1337 753 1404 his
774 1337 950 1405 intervallis
971 1339 1154 1426 significant
1174 1341 1279 1426 pridie

155 1443 230 1509 idus
254 1443 342 1528 Aug.
362 1439 494 1507 Atticae
516 1463 593 1506 ecus
620 1440 728 1506 oriens
747 1439 891 1525 vesperi,
913 1438 1071 1527 Aegypto
1091 1451 1124 1508 et
1144 1439 1280 1508 Caesari

155 1543 328 1630 delphinus
349 1541 508 1609 occidens.
529 1563 577 1606 xr.
598 1540 662 1607 kal.
686 1537 885 1627 Septembris
913 1537 1048 1607 Caesari
1066 1552 1098 1606 et
1121 1539 1279 1626 Assyriae

156 1644 249 1711 stella
269 1655 351 1726 quaa
373 1642 566 1709 vindemitor
587 1641 769 1727 appellatur
790 1640 909 1706 exoriri
929 1663 1023 1709 mane
1043 1641 1174 1727 incipit,
1205 1642 1279 1707 vin-
1300 1639 1302 1642 ’

156 1743 281 1809 demiae
295 1741 512 1808 maturitatem
526 1742 737 1829 promittens;
760 1741 830 1808 eius
849 1751 1074 1830 argumentum
1086 1752 1180 1809 erunt
1194 1742 1280 1808 acini

156 1843 262 1911 colore
283 1842 408 1909 mutati.
444 1841 603 1929 Assyriae
623 1865 655 1909 v.
676 1843 740 1909 kal.
763 1839 944 1930 Septembr.
967 1853 1001 1911 et
1022 1841 1139 1931 sagitta
1159 1842 1339 1909 occiditaro

156 1956 191 2013 et
207 1945 330 2040 ‘etesiae
355 1944 522 2022 desinunt3
555 1943 747 2010 vindemitor
771 1943 927 2031 Aegypto
956 1944 1050 2009 nonis
1075 1941 1279 2030 Septembri·

73 2068 76 2072 ·
156 2048 220 2115 bus
248 2046 408 2125 exotium,
439 2045 571 2112 Atticae
592 2054 740 2111 arcturus
760 2045 933 2123 matutino,
969 2055 1003 2110 et
1024 2044 1142 2133 sagitta
1161 2043 1281 2113 occidit

156 2170 261 2215 mane.
281 2170 314 2213 v.
334 2147 407 2212 idus
430 2142 612 2231 Septembr.
636 2143 770 2212 Caesari
791 2145 914 2233 capella
934 2145 1037 2211 oritur
1057 2143 1202 2230 vesperi,
1223 2167 1280 2210 ar·

156 2257 266 2314 cturus
292 2267 369 2312 vero
399 2244 524 2311 medius
549 2245 654 2332 pridie
685 2246 759 2313 idus
786 2244 967 2333 Septembr.
999 2245 1281 2313 vehementissimo

158 2346 339 2435 significatu
361 2356 447 2419 terra
467 2345 611 2430 marique
634 2368 692 2432 per
713 2346 784 2412 dies
805 2347 956 2432 quinque.
991 2346 1087 2413 Ratio
1109 2345 1180 2413 eius
1200 2346 1281 2413 haec
1293 2363 1335 2411 eu

175 2552 326 2632 'cineri,ad.
344 2548 465 2615 ciaerafl.
480 2555 509 2602 ‚L
523 2553 612 2617 apice,
621 2553 654 2604 K.
672 2561 701 2616 et,
712 2549 804 2618 adfir.
823 2593 855 2603 -
873 2553 1055 2618 aperivpsercat,
1068 2553 1121 2604 Td.
1138 2592 1170 2603 ..
1189 2551 1280 2617 malfi-

157 2637 275 2770 midos.
302 2703 361 2766 Alii,
379 2706 423 2754 ad.
450 2703 497 2754 elii
511 2705 559 2769 qai,
575 2700 626 2770 βγ.
642 2676 705 2754 ‚am
718 2705 762 2768 qai
775 2704 857 2755 lentem
873 2704 898 2754 ia
914 2704 1110 2766 sakameamriis,
1128 2706 1196 2756 Pint.
1213 2703 1281 2754 infra
1334 2718 1336 2723 ·

156 2772 339 2823 vocemlentem
352 2773 478 2823 omittens.
502 2814 533 2823 -
557 2772 703 2832 illinunt,K
726 2771 835 2835 iclinaret,
848 2768 941 2838 adssr.
966 2815 995 2822 -
1016 2772 1103 2837 aliqui,
1115 2773 1147 2823 Κ.
1171 2770 1279 2834 oliiqai,

156 2836 248 2904 adssr.
266 2841 300 2890 V.
313 2843 343 2890 ad
358 2847 398 2900 33,
412 2846 468 2890 101.
487 2881 519 2890 -
543 2840 731 2904 resperqaatK.
753 2837 1006 2906 respergantadstr.
1025 2881 1056 2890 ..
1074 2841 1222 2905 myaatal.
1240 2838 1278 2888 ia·

156 2915 253 2972 arpent,
264 2909 297 2957 Κ.
316 2915 414 2972 capeat,
427 2910 484 2958 a²d.
503 2907 627 2970 increpant,
638 2904 689 2972 βγ.
707 2949 738 2957 -
758 2923 798 2968 aa,
811 2923 834 2957 a.
851 2915 901 2966 cat,
914 2909 937 2956 d.

190 2995 275 3057 §309.
294 2992 447 3056 verpiliarum
465 3009 556 3054 occasa,
574 3008 596 3043 a.
615 3034 646 3041 ..
670 2990 700 3040 Ia
716 2989 761 3051 tis,
778 3008 801 3041 a.
823 2989 880 3052 ffis,
897 2992 950 3043 Td.
970 3032 1002 3040 ..
1024 2988 1169 3055 siqniyieoat,
1185 2989 1279 3040 Tadr.

154 3060 318 3124 equistrator,
333 3056 361 3121 β.
383 3102 413 3110 ..
436 3059 513 3109 idibra
529 3062 624 3110 omisso
637 3058 731 3123 pridie,
745 3061 890 3110 Pontedera
907 3059 1034 3137 antiquitt.
1050 3073 1075 3121 p.
1093 3062 1150 3108 215.
1168 3061 1227 3107 365.
1247 3099 1280 3107 -

155 3143 301 3254 iiiiii,
313 3125 861 3257 r.i⁰ttt.tt.tt.25}¹2¹.·.it“ttlrs.
876 3123 1093 3253 mviii
1105 3125 1280 3241 itta.

153 3268 269 3324 quaerero,
282 3261 361 3309 schol.
375 3262 494 3311 German.
514 3304 545 3312 ..
564 3264 630 3328 aqui,
642 3265 722 3314 schol.
736 3263 855 3314 German.
873 3261 1114 3320 vinaceo-mutata,
1125 3259 1194 3310 Pint

189 3345 203 3407 §
216 3349 273 3392 310.
292 3351 315 3390 et
322 3342 436 3407 Assyriis,
447 3346 528 3395 schol.
539 3346 658 3398 German.
668 3388 700 3396 ...
714 3345 763 3396 lcal.
774 3345 913 3410 Septembr,
922 3347 1002 3396 schol.
1013 3345 1132 3396 German.
1152 3342 1279 3404 kolmdas,

155 3405 248 3474 adsty.
262 3452 292 3458 -
312 3411 397 3458 etesiae
409 3412 503 3462 omisso
515 3419 544 3472 et,
556 3414 601 3462 a'd.
619 3413 757 3475 etesiaeque,
770 3415 850 3464 schol.
862 3415 981 3466 German.
995 3454 1027 3463 -
1043 3409 1190 3472 vindemitor,
1204 3411 1279 3462 Tad.
1318 3460 1320 3464 Α

154 3474 374 3539 auteuindemictor,
390 3479 471 3528 schol.
485 3479 604 3531 German.
632 3478 796 3542 vindemiator,
807 3476 836 3540 β.
857 3522 888 3531 -
915 3481 983 3530 aona
994 3478 1176 3544 Septembrem,
1195 3478 1279 3528 schol.

155 3546 275 3597 German.
294 3544 369 3606 nonis,
381 3541 473 3611 adds.
486 3587 517 3596 ..
537 3545 609 3597 VIII.
622 3545 675 3595 idua
687 3546 784 3595 Atticae
795 3557 912 3610 arctante,
924 3550 1070 3598 Pontedera
1081 3547 1126 3597 11.
1139 3561 1163 3609 p.
1173 3549 1233 3594 215.
1246 3587 1278 3596 ..

161 3615 226 3675 V.,a
242 3612 335 3675 (schol.
349 3612 481 3677 German.)
513 3612 565 3676 VI,
581 3615 634 3664 Td.
654 3656 685 3664 ..
715 3613 1080 3680 Caesarieappellataritar‚a.
1100 3653 1131 3662 ..
1152 3611 1280 3674 mediana

154 3680 241 3743 (codd.
255 3680 326 3741 Gal.)
350 3681 447 3741 stadios,
460 3685 483 3732 d.
503 3681 560 3732 Om.
576 3683 659 3731 schol.
673 3682 792 3733 German.
819 3683 941 3745 matutino,
958 3683 1103 3733 Pontedera
1119 3681 1137 3730 l.
1149 3681 1167 3729 l.
1180 3695 1206 3744 p.
1220 3684 1278 3731 379.

156 3791 186 3798 -
211 3747 264 3796 idas
281 3748 425 3812 Septemia,
446 3751 529 3800 schol.
548 3750 667 3801 German.
701 3748 767 3810 idus,
786 3746 879 3814 adstr.
904 3792 935 3800 ..
968 3749 1052 3799 imbres
1068 3745 1279 3797 aeherneatiasimos
1332 3773 1339 3786 ·

153 3815 283 3881 sipiificat,
295 3817 375 3867 schol.
390 3818 508 3869 German.
526 3859 557 3867 ..
575 3833 620 3880 per
632 3816 682 3866 dies
694 3817 802 3881 quinque,
814 3834 865 3868 om.
878 3819 959 3868 schol.
974 3817 1094 3870 German.

187 3899 202 3960 ξ
215 3907 272 3951 311.
296 3900 424 3963 defuturos,
440 3904 583 3952 Pontedera
595 3903 611 3951 1.
625 3902 642 3950 l.
655 3918 679 3965 p.
693 3904 751 3953 379.
764 3918 797 3952 ex
808 3903 891 3952 schol.
905 3903 1034 3963 German,
1051 3903 1095 3965 qui
1107 3899 1216 3962 defuturi
1225 3906 1280 3949 caat

154 3969 239 4018 habet.
250 3968 356 4032 futuros,
369 3965 462 4034 adssy.
475 4011 505 4018 -
523 3986 568 4033 per
579 3977 707 4018 arcturum.
725 3968 787 4018 Eius
798 3969 863 4034 siqui
872 3977 948 4018 ortam
960 3977 1048 4030 servat,
1061 3968 1145 4020 schol.
1157 3968 1277 4019 Gennan.

154 4077 184 4085 ..
204 4035 288 4096 abitas,
301 4040 325 4087 d.
343 4035 445 4098 latitas,
458 4054 472 4087 a
485 4036 579 4100 (schol.
593 4035 725 4099 German.)
743 4037 816 4099 abitu,
828 4041 860 4088 K.
872 4079 903 4087 ..
921 4038 1005 4100 catur,
1018 4037 1101 4088 schol.
1114 4034 1235 4087 German.
1248 4075 1277 4083 ..

153 4109 176 4151 et
186 4119 311 4167 cepasque,
324 4107 348 4154 el.
362 4144 393 4153 ..
412 4104 466 4154 Hoc
478 4104 729 4169 ideas-siyaificaat,
743 4114 773 4166 et,
786 4122 836 4155 om.
850 4106 929 4156 schol.
942 4105 1104 4157 German...
1118 4111 1148 4164 et,
1161 4105 1185 4152 d.
1204 4119 1242 4164 ea,
1255 4118 1278 4152 a.

155 4213 184 4221 -
203 4170 265 4231 XI,
278 4188 295 4222 u
305 4171 398 4235 (schol.
411 4171 544 4236 German.)
562 4173 608 4234 X,
627 4175 678 4225 Td.
692 4215 722 4223 -
743 4173 788 4224 cal.
804 4173 906 4236 Octobr,
918 4175 999 4225 schol.
1013 4173 1133 4226 German.
1153 4167 1279 4230 kalendar,
