2754 4726
118 294 139 357 8
466 307 670 356 usruasnrs
690 309 885 357 uraroarsn

116 457 251 524 hilarem
270 458 357 536 facit,
380 480 507 524 carnem
528 457 694 524 cocibilem
715 481 753 524 ac
766 459 869 524 levem
883 470 916 525 et
929 459 1039 524 utilem
1055 463 1228 541 stomacho,

116 558 217 646 iligna
249 581 338 624 suem
370 568 557 647 angustam,
595 559 744 637 nitidam,
783 560 971 647 strigosum,
1006 560 1229 646 ponderosam,

117 681 239 743 querna
268 658 399 738 diffusa,
428 650 619 745 gravissima
641 659 765 745 etipsa
791 660 957 748 glandium
984 671 1080 744 atque
1109 661 1230 728 dulcis-

119 759 208 824 sima.
241 759 437 825 Proxumum
465 759 540 823 huic
561 780 700 823 cerream
725 760 822 824 tradit
841 759 1005 846 Nigidius,
1027 783 1086 826 nec
1106 785 1147 826 ex
1168 762 1231 828 alia

119 859 300 926 solidiorem
328 883 454 925 carnem
491 859 548 925 sed
574 859 687 924 duram
694 883 703 935 ;
736 860 835 948 iligna
863 861 1009 947 temptari
1044 883 1134 941 sues,
1167 863 1231 928 nisi

96 971 98 976 ’
117 959 271 1045 perdatim
291 960 385 1026 detur
390 984 400 1036 3
425 959 509 1025 hanc
529 959 734 1024 novissimam
755 960 886 1039 cadere3
914 961 1082 1050 frmgosam
1103 984 1231 1027 carnem

117 1061 188 1127 fieri
209 1060 347 1138 aesculo,
368 1059 492 1139 robore,
515 1059 639 1126 subere.

162 1163 191 1226 9.
222 1159 316 1242 Quae
337 1160 486 1249 glandem
500 1161 616 1238 ferimt,
630 1181 740 1228 omnes
755 1171 787 1226 et
800 1161 918 1248 gallam
932 1162 1124 1246 alternisque
1138 1164 1231 1230 annis
1244 1181 1277 1228 aa

119 1261 278 1348 glandem,
301 1262 358 1326 sed
378 1261 496 1350 gallam
515 1260 654 1327 hemeris
675 1271 840 1345 optumam
860 1271 892 1328 et
913 1261 1007 1327 coriis
1027 1262 1231 1348 perficiendis

119 1362 334 1448 aptissimam
368 1363 502 1426 similem
527 1360 602 1426 huic
630 1361 775 1440 latifolia,
806 1363 864 1431 sed
888 1363 1040 1428 leviorem
1067 1364 1231 1448 multoque

119 1463 225 1534 minus
246 1463 424 1548 probatam.
445 1462 525 1527 Fert
546 1473 578 1527 et
598 1462 736 1548 nigram,
752 1517 791 1526 ..
815 1463 880 1528 duo
901 1464 986 1529 enim
1006 1475 1230 1549 generasunt3

119 1606 160 1626 a..
171 1563 251 1628 haec
262 1560 447 1650 tinguendis
461 1562 543 1627 lanis
557 1563 674 1628 utilior.
696 1561 776 1628 VII.
789 1562 942 1629 Nascitur
953 1574 1058 1630 autem
1070 1564 1154 1650 galla
1166 1566 1232 1631 sole
1245 1582 1277 1628 ar

120 1663 161 1728 de
182 1664 319 1749 geminis
342 1674 490 1742 exeunte,
513 1685 685 1748 erumpens
705 1673 801 1730 noctu
824 1685 949 1749 semper
968 1664 1136 1741 universa3
1163 1688 1234 1731 cre-

121 1764 182 1829 scit
201 1785 265 1828 uno
286 1762 339 1827 die
361 1762 537 1841 candidior,
560 1773 593 1828 et
614 1763 641 1827 si
663 1774 754 1828 aestu
775 1775 911 1849 excepta
932 1774 992 1842 est,
1019 1764 1137 1829 arescit
1156 1788 1233 1851 pro·

121 1865 206 1928 tinus
232 1885 336 1947 neque
363 1864 405 1928 ad
429 1863 548 1929 iustum
574 1864 806 1930 incrementum
832 1864 989 1950 pervenit,
1017 1864 1080 1930 hoc
1108 1876 1172 1944 est,
1199 1876 1236 1930 ut

120 1963 269 2030 nucleum
290 1964 385 2029 fabae
405 1964 626 2050 magnitudine
647 1965 772 2030 habeat.
793 1965 897 2054 Nigra
918 1964 1038 2030 diutius
1060 1965 1143 2031 viret
1164 1988 1233 2032 cre-

123 2065 256 2149 scitque,
285 2075 322 2130 ut
347 2065 508 2130 interdum
535 2065 611 2129 mali
632 2067 781 2152 conpleat
800 2066 1052 2152 magnitudinem
1059 2089 1069 2141 3
1102 2078 1236 2151 optuma

122 2157 353 2252 Commagena,
385 2165 555 2232 deterrima
576 2187 619 2231 ex
638 2165 769 2243 robore3
803 2167 930 2255 signum
958 2165 1037 2243 eius,
1064 2166 1151 2250 quod
1178 2189 1234 2232 ca·

121 2288 238 2332 vernae
259 2267 482 2345 translucent.x

166 2367 216 2431 10.
248 2365 361 2431 Robur
380 2377 510 2451 praeter
530 2368 670 2432 fructum
690 2369 838 2454 pluruma
860 2379 892 2432 et
913 2367 974 2432 alia
995 2367 1117 2453 gignit3
1142 2390 1234 2432 nam·
1249 2383 1277 2428 aa

121 2487 184 2549 que
206 2465 270 2531 lert
290 2475 323 2532 et
343 2467 447 2553 gallae
468 2481 638 2552 utrumque
659 2491 763 2553 genus
785 2479 817 2533 et
836 2490 919 2552 quae
940 2467 1004 2533 iam
1025 2467 1123 2532 veluti
1137 2490 1235 2545 mora,

122 2567 156 2630 ni
177 2565 333 2630 distarent
354 2567 445 2633 arida
465 2567 596 2646 duritie,
624 2569 810 2654 plerumque
840 2568 923 2632 tauri
950 2577 1047 2653 caput
1068 2565 1236 2646 imitantia,

122 2667 239 2752 quibus
260 2668 382 2733 fructus
403 2669 488 2735 inest
508 2668 631 2734 nucleis
653 2669 755 2735 olivae
778 2669 900 2735 similis.
931 2668 1116 2734 Nascuntur
1140 2667 1175 2731 in
1197 2690 1235 2733 eo

121 2777 155 2832 ct
175 2767 293 2854 pilulae
314 2770 450 2835 nucibus
471 2792 537 2835 non
557 2769 729 2849 absimiles,
752 2770 839 2835 intus
853 2769 1008 2834 habentes
1022 2769 1139 2834 floccos
1152 2768 1235 2833 mol-

120 2865 162 2931 lis
188 2868 391 2934 lucernarum
411 2869 586 2936 luminibus
607 2881 715 2956 aptos3
748 2892 823 2934 nam
850 2878 882 2934 et
902 2869 972 2932 sine
998 2866 1069 2932 oleo
1097 2867 1238 2955 flagrant

123 2967 216 3037 sicuti
243 2971 330 3057 galla
354 2969 457 3059 nigra.
497 2970 577 3036 Fert
599 2981 631 3036 et
652 2971 747 3037 aliam
767 2968 912 3035 inutilem
933 2966 1064 3053 pilulam
1085 2990 1158 3035 oum
1180 2991 1236 3034 ca·

156 3175 223 3236 §²⁵-
241 3171 364 3235 coczbdem,
377 3191 400 3226 a.
417 3174 561 3238 comitalem,
574 3170 645 3239 ᾱβγ.
668 3172 803 3235 cocttbilem,
815 3190 836 3223 r.
853 3213 885 3222 ..
908 3171 1007 3236 diffusa,
1020 3173 1072 3222 Ta.
1095 3173 1166 3222 Idem
1179 3187 1239 3223 cnm

121 3253 209 3291 rasura
219 3249 279 3302 post
290 3256 307 3288 a
317 3241 394 3291 habet
405 3245 428 3291 d.
447 3240 568 3305 diffusam,
579 3237 609 3302 β.
622 3283 653 3292 ..
670 3241 821 3306 φαυίεείηια,
830 3241 884 3290 Td.
902 3255 932 3288 oc
941 3238 1093 3303 provocitati,
1105 3255 1128 3290 a.
1147 3247 1171 3286 et
1179 3256 1239 3303 yro-
1273 3244 1275 3248 ’

121 3305 228 3364 witta,
238 3302 268 3368 β·
286 3348 317 3357 -
336 3315 414 3369 atque,
427 3310 443 3357 d
455 3307 541 3369 (codd.
554 3310 661 3362 Salmas.
674 3324 756 3359 exerc.
768 3324 794 3373 p.
806 3314 864 3358 aad.
876 3309 900 3357 b.
912 3305 960 3368 A.)
978 3322 1059 3370 acque,
1071 3302 1119 3368 ad.
1138 3314 1161 3354 et
1171 3305 1239 3368 ipsa-

121 3388 174 3422 rum
189 3370 312 3436 ylandium
328 3390 389 3437 quoe
401 3382 436 3424 ort
446 3374 589 3437 dolosissimo,
604 3377 694 3428 Daleo.
715 3376 760 3426 Uti
775 3376 839 3426 haec
851 3376 996 3425 coniectura
1010 3375 1084 3424 nihili
1096 3381 1142 3434 est,
1153 3375 1189 3422 ita
1201 3383 1240 3424 est

122 3449 219 3490 certum
230 3441 313 3504 ipsum
322 3443 417 3501 locum,
429 3443 467 3494 uti
476 3445 526 3493 iem
535 3445 635 3507 legitur,
646 3457 768 3508 perquam
778 3457 832 3492 esse
840 3449 993 3505 corruptum,
1004 3443 1073 3504 quod
1085 3449 1111 3491 et
1122 3442 1240 3493 codicum

120 3508 244 3558 lectiones
256 3517 281 3557 et
293 3510 369 3559 verba
380 3517 402 3556 et
413 3509 466 3573 ipro
478 3513 576 3573 docent,
589 3525 655 3574 quae
666 3524 720 3558 non
730 3510 885 3571 habentque
897 3509 1044 3559 referantur.
1060 3534 1084 3541 -
1097 3504 1239 3569 solidarem,

124 3568 212 3624 Oadr.
229 3574 390 3632 sordidam,
402 3573 431 3637 β.

155 3645 223 3706 526.
238 3641 398 3706 projiciendis,
410 3660 432 3694 a.
452 3685 483 3694 ..
503 3643 617 3704 leviorem,
629 3639 765 3706 λειοτέρα,
778 3643 908 3706 Theophr.
921 3643 939 3691 l.
951 3643 969 3690 l.
982 3641 1031 3692 111.
1045 3647 1068 3701 8,
1082 3646 1104 3690 6.
1118 3679 1149 3688 ..
1168 3637 1240 3701 lonis,

120 3709 266 3829 {epuIlfieda
278 3725 337 3774 opp.
349 3725 375 3774 p.
388 3717 444 3764 181.
457 3720 482 3762 et
490 3712 557 3762 Pint.
570 3711 710 3762 Confirmat
718 3711 765 3760 D².
778 3709 866 3760 Omitt.
878 3710 903 3759 D
912 3705 1012 3773 'adstpa
1030 3710 1067 3759 At
1074 3723 1098 3756 v.
1107 3706 1239 3771 Theophr.

156 3845 224 3906 W.
242 3843 359 3894 Nascitur
370 3845 424 3906 rel.‚
435 3859 459 3895 v.
471 3845 602 3908 Theophr.
615 3845 633 3893 l.
645 3844 662 3894 1.
675 3843 723 3893 111.
738 3849 762 3904 5,
776 3850 798 3892 1.
811 3849 834 3893 2.
848 3883 880 3892 ..
897 3841 1066 3908 aequimodae,
1079 3843 1103 3890 d.
1121 3841 1241 3904 magnita-

121 3908 208 3969 diaeta,
219 3927 242 3960 a
261 3910 303 3960 loe
317 3910 597 3974 ertcurnoanullacfob.
607 3908 789 3975 maqnitadinem
801 3909 912 3971 labeant,
923 3912 990 3961 Pint
1003 3950 1034 3958 ..
1056 3907 1197 3970 Comagena,
1208 3904 1241 3970 β.

123 4018 155 4027 ..
173 3993 284 4038 caverna,
297 3980 342 4028 ad.

157 4047 225 4109 §²⁸-
247 4044 359 4107 Querctoe,
370 4045 459 4095 Doleo.
478 4045 511 4095 V.
523 4045 655 4108 Theopbr.
667 4045 685 4094 l.
697 4045 715 4094 1.
727 4045 777 4096 111.
792 4049 814 4105 7,
827 4050 851 4094 4.
864 4050 887 4094 5.
906 4083 938 4093 -
956 4041 1018 4105 quoe
1029 4042 1085 4104 iam,
1097 4043 1143 4091 ad.
1166 4057 1241 4104 quoe-

121 4110 187 4174 dom,
199 4107 249 4176 βγ.
272 4154 303 4162 ..
327 4111 428 4173 nucleum
440 4127 464 4162 a.
487 4152 518 4160 ..
543 4109 639 4174 necao,
650 4113 718 4162 Pint.
731 4120 758 4161 ct
768 4111 887 4162 Schneid.
900 4112 933 4161 ad
944 4111 1076 4174 Theophr.
1089 4110 1147 4159 bist.
1159 4110 1242 4172 plant.

122 4178 242 4240 111.r‚4.
261 4221 293 4230 ..
315 4178 453 4240 isaacum
467 4178 548 4228 clau.
562 4180 694 4242 coniungit
705 4178 851 4229 Schneider.
870 4218 902 4228 ..
921 4176 1025 4242 ρι’ὶὶο,ᾱ.
1048 4218 1078 4226 ..
1107 4174 1243 4240 mellipim's,

123 4248 168 4298 ad.
186 4244 310 4312 melliqem',
321 4241 343 4307 β
347 4260 371 4310 7.
390 4244 472 4309 mellei,
481 4247 513 4296 K
