2754 4726
395 291 464 337 nm.
480 291 555 338 xrx.
585 288 662 338 cnr.
679 293 702 338 1.
732 290 829 340 sacr.
845 295 902 336 aa
1153 279 1214 343 239

92 443 178 509 tulus
214 440 368 529 Spinther
400 441 643 528 Apollinaribus
674 442 768 508 ludis.
813 442 893 508 Mox
926 441 1049 510 Caesar
1080 442 1216 512 dictator

94 556 196 610 totum
217 543 321 608 forum
343 542 524 608 Romanum
545 543 659 608 intexit
681 544 830 627 viamque
853 567 974 609 sacram
993 545 1035 611 ab
1049 545 1142 612 domo
1158 568 1217 612 sua

89 658 123 712 et
144 646 261 712 clivom
282 665 385 727 usque
407 645 439 707 in
456 643 660 730 Capitolium,
681 644 770 728 quod
790 667 924 710 munere
938 646 1009 731 ipso
1024 646 1216 735 gladiatorio

89 745 268 812 mirabilius
294 743 400 808 visum
426 742 567 808 tradunt.
613 743 741 809 Deinde
771 755 803 809 et
830 744 899 810 sine
928 746 1013 811 ludis
1043 746 1216 815 Marcellus
1229 765 1266 835 ²⁴,

91 846 231 914 Octavia
252 846 396 931 Augusti
419 866 527 911 sorore
547 844 675 932 genitus
688 845 722 909 in
737 845 899 912 aedilitate
914 869 988 926 sua,
1011 849 1166 914 avonculo
1179 872 1217 914 xr

91 947 234 1025 consule,
257 969 286 1010 a.
310 945 341 1010 d.
359 945 531 1010 ..kalend
555 944 699 1030 Augusti
721 944 804 1011 velis
825 946 931 1012 forum
952 948 1160 1026 inumbravit,
1181 961 1218 1014 ut

90 1047 252 1114 salubrius
277 1045 442 1132 litigantes
468 1045 699 1123 consisterent,
731 1056 887 1129 quantum
916 1048 1048 1113 mutatis
1076 1049 1217 1115 moribus
1249 1052 1276 1084 e

92 1148 227 1215 Catonis
257 1145 395 1212 censorii
427 1145 482 1230 qui
515 1145 723 1211 sternendum
753 1168 881 1231 quoque
908 1148 1013 1213 forum
1040 1150 1217 1216 muricibus
1263 1172 1266 1179 ’

90 1258 269 1314 censuerat.
302 1247 385 1314 Vela
404 1267 508 1333 nuper
529 1255 562 1311 et
583 1246 687 1312 colore
709 1247 806 1324 caeli,
828 1248 969 1327 stellata,
992 1272 1051 1336 per
1071 1250 1217 1316 rudentis
1230 1269 1262 1314 ae

93 1359 211 1415 stetere
233 1348 329 1413 etiam
349 1347 383 1411 in
405 1346 648 1433 amphitheatris
674 1347 830 1434 principis
851 1348 1007 1428 Neronis3
1041 1351 1159 1416 rubent
1182 1351 1217 1415 in

92 1448 181 1514 cavis
209 1448 336 1513 aedium
364 1457 396 1514 et
416 1468 562 1513 muscum
583 1447 624 1513 ab
648 1449 714 1513 sole
736 1448 923 1515 defendunt.
961 1447 1079 1516 Oetero
1100 1451 1217 1517 mansit

91 1550 231 1615 candore
253 1548 402 1635 pertinax
423 1548 546 1636 gratia3
574 1547 675 1613 honor
698 1547 794 1614 etiam
816 1549 847 1614 ei
868 1549 1010 1615 'liciano
1030 1550 1131 1628 bello;
1161 1574 1219 1616 cur

91 1651 178 1717 enirn
199 1674 264 1716 non
286 1661 319 1715 et
341 1649 471 1735 proeliis
489 1648 615 1713 intersit
633 1659 671 1713 ut
683 1650 885 1736 naufragiis?
908 1649 1110 1717 Thoracibus
1125 1652 1218 1718 lineis

91 1774 214 1838 paucos
243 1763 348 1816 tamen
375 1772 537 1837 pugnasse
560 1750 650 1814 testis
672 1761 721 1814 est
742 1750 917 1816 Homerus.
953 1751 1042 1818 Hinc
1062 1753 1163 1818 titisse
1185 1763 1218 1818 et
1252 1744 1257 1753 ¹

91 1855 223 1918 navium
244 1861 441 1917 armamenta
468 1850 555 1938 apud
577 1850 713 1915 eundem
740 1851 991 1937 interpretantur
1013 1853 1216 1931 eruditiores,

93 1953 244 2038 quoniam
266 1975 339 2018 cum
362 1963 471 2040 sparta
492 1951 575 2033 dixit
596 1948 826 2039 significaverit
849 1963 928 2016 sata.
973 1951 982 1974 '

93 2168 137 2210 est
167 2159 194 2211 Si
215 2161 284 2209 enirn
304 2161 338 2209 ad
358 2159 509 2223 Cleopatrae
528 2158 614 2208 velum
632 2172 787 2223 purpureum
807 2157 993 2220 illustratores,
1015 2167 1159 2224 temporam
1177 2176 1216 2212 ra·

94 2228 157 2278 tioni
172 2228 321 2290 refragatur,
338 2243 396 2277 cum
414 2227 522 2277 Catulus
537 2227 668 2291 aliquanto
685 2233 745 2276 ante
757 2226 918 2290 Cleopatram
930 2227 1034 2290 sixena
1052 2229 1092 2278 sin
1109 2231 1142 2279 ad
1152 2229 1216 2280 Ale-

93 2296 183 2345 xandri
199 2296 300 2356 classes,
318 2309 370 2344 non
386 2295 470 2344 minus
485 2294 570 2357 inepte
583 2294 693 2358 ponitur,
709 2308 767 2343 cum
784 2294 837 2343 illic
850 2294 881 2343 de
898 2294 982 2344 uncas
999 2295 1066 2356 linis,
1083 2295 1125 2346 hic
1136 2300 1215 2348 modo

93 2365 125 2413 de
136 2363 199 2413 reiis
207 2375 287 2426 snper
298 2362 397 2412 theatra
408 2362 527 2426 expansis
538 2374 621 2411 sermo
633 2362 673 2411 sit.
695 2362 831 2411 Praeterea
843 2361 872 2410 id
886 2362 999 2411 maxime
1010 2361 1129 2421 offendit,
1145 2365 1217 2426 quod
1324 2400 1330 2414 .

94 2432 126 2480 ab
142 2440 286 2479 exterarum
301 2431 434 2479 nationum
449 2429 512 2478 velis
528 2430 612 2478 tinctis
628 2430 713 2478 statim
729 2429 763 2478 ad
773 2429 874 2478 theatra
884 2429 985 2488 transit,
1002 2431 1033 2478 de
1045 2430 1116 2480 cuius
1127 2429 1216 2494 populi

94 2498 199 2547 theatris
210 2496 336 2560 loquatur,
347 2504 441 2546 tacens.
462 2497 514 2546 Par
526 2502 579 2544 erat
591 2510 649 2545 aum
660 2495 743 2545 dicere
759 2495 826 2544 hanc
837 2495 1000 2545 novationem
1011 2497 1111 2546 Romae
1122 2495 1215 2547 factam

94 2579 162 2624 esse,
177 2565 246 2620 unde
262 2564 374 2614 Plinium
392 2563 520 2626 scripsisse
536 2561 656 2612 arbitror:
678 2560 724 2610 Po.
736 2560 769 2611 R.
781 2576 811 2609 eo
822 2560 848 2609 ia
864 2560 964 2610 thanais
978 2563 1096 2625 spectanti
1109 2564 1215 2612 ambram

85 2631 176 2693 secata
201 2630 286 2680 Voces
297 2631 343 2681 Po.
355 2629 389 2680 R.
408 2629 436 2693 (i.
449 2644 471 2679 e.
486 2630 584 2693 populo
595 2625 727 2690 Romano)
744 2643 774 2676 eo
789 2625 868 2690 (lina)
883 2628 1006 2678 facillime
1022 2630 1048 2678 in
1060 2629 1149 2678 Postea
1160 2646 1216 2680 cor·

93 2698 177 2762 rumpi
192 2699 304 2761 potuisse
319 2713 373 2747 non
387 2697 490 2760 negabit
502 2696 546 2759 qui
556 2696 706 2756 meminerit,
723 2703 786 2759 quot
798 2704 823 2744 et
835 2704 942 2758 quantas
954 2697 1111 2760 corruptelas
1122 2699 1216 2760 ubique

92 2765 159 2814 hacc
175 2766 326 2829 compendia
335 2764 386 2814 -Po.
397 2763 431 2814 Β.
448 2760 589 2826 effecerint3
610 2763 691 2813 altera
705 2763 849 2812 emendatio
864 2762 983 2826 spectanti
997 2764 1088 2826 cuique
1104 2778 1131 2814 se
1146 2779 1215 2814 com·

93 2833 235 2894 mandabit,
259 2834 302 2896 qui
318 2833 389 2882 vocis
404 2844 568 2895 praegressas
585 2829 686 2879 theatris
700 2829 817 2879 ultimam
833 2828 944 2880 liamanr
962 2839 987 2880 st
1003 2832 1131 2894 sequentis
1146 2832 1216 2882 vocis

92 2901 200 2948 mbram
216 2901 279 2950 duas
293 2900 389 2964 primas
403 2900 500 2948 litteras
516 2898 719 2948 consideraverit
742 2894 857 2961 Spectare
867 2913 927 2947 vero
938 2898 1055 2948 absolute
1065 2899 1102 2948 ita
1113 2900 1170 2961 dici,
1186 2907 1216 2950 ut

93 2969 127 3018 eit
141 2968 210 3017 idern
227 2970 296 3030 quod
311 2965 378 3015 ludos
392 2973 511 3030 spretore,
529 2963 591 3014 tedis
606 2965 728 3027 interese,
750 2966 850 3015 abunde
865 2966 917 3014 iarn
934 2965 1028 3015 docent
1042 2967 1119 3016 verbe
1133 2967 1214 3018 notis-

93 3035 159 3085 sima
170 3035 255 3086 Ovidii
270 3041 316 3084 art.
334 3040 411 3084 amat.
430 3038 453 3094 1,
465 3037 506 3082 99.
532 3031 705 3096 Spectatum
721 3031 824 3091 aeriam,
841 3031 938 3080 veniant
951 3039 1083 3096 apostamia
1097 3041 1124 3081 at
1139 3033 1216 3096 ipsae,

93 3103 154 3151 coll.
174 3103 258 3152 Plaat.
274 3103 353 3152 Pocn.
369 3100 435 3165 prol.
451 3106 492 3150 ³2.
523 3100 654 3150 Matronae
674 3097 761 3148 tacitae
779 3105 925 3161 spectent,
950 3099 1036 3148 tacitae
1056 3097 1158 3150 rideant.
1181 3141 1213 3152 .-

93 3166 219 3230 theatrum,
230 3170 264 3220 K.
286 3167 492 3232 amphitheatrum,
504 3168 593 3218 Dalac.
610 3206 642 3216 ..
665 3163 908 3227 salombreae.
930 3165 957 3215 r‘o
967 3162 1164 3228 collimabat.
1183 3208 1214 3218 -

92 3235 219 3299 acimaas,
233 3230 352 3287 OTacd.
377 3232 414 3284 ad
428 3233 526 3295 divam,
544 3234 618 3284 codd.
630 3233 735 3284 Barbari
751 3240 777 3283 et
789 3232 897 3295 Gelenii,
911 3228 941 3295 β.
961 3275 992 3285 ..
1019 3233 1045 3282 in
1064 3231 1215 3299 Capitolium,

96 3295 216 3354 &Tacd
238 3301 404 3366 Capitolinam,
416 3303 492 3352 codd.
502 3301 609 3362 Barbari
620 3308 647 3351 et
658 3300 766 3362 Gelenii,
777 3295 806 3362 β.
826 3341 858 3351 ..
875 3316 976 3364 maere,
987 3302 1101 3354 Barbar..
1116 3304 1215 3364 mermi

92 3373 154 3421 aed.
174 3410 205 3420 ..
223 3369 279 3435 t'psr’,
291 3372 316 3421 d.

126 3473 194 3535 524.
211 3468 317 3536 depasti
326 3486 413 3530 sorore,
425 3469 489 3520 aad.
506 3484 587 3519 sorore
596 3467 709 3534 Amata,
720 3464 771 3534 βγ.
785 3510 817 3519 -
835 3468 952 3533 ammorii,
964 3487 1006 3521 ac.
1020 3512 1051 3520 -
1069 3486 1093 3521 a.
1105 3469 1138 3533 d,
1150 3474 1214 3523 aod.

91 3536 134 3598 od,
145 3554 165 3587 r.
189 3554 213 3599 o,
225 3539 256 3588 Τ.
276 3538 333 3591 Om.
345 3533 375 3601 β.
397 3538 565 3599 Harduinum,
582 3537 627 3601 qui
642 3537 791 3602 scripturam
805 3552 875 3589 nuno
889 3540 1019 3602 vulgatam
1036 3540 1134 3588 ecodd.
1146 3554 1214 3589 rece-

91 3607 138 3671 pit,
156 3607 293 3669 permirum
310 3616 349 3657 est
364 3619 417 3655 non
433 3605 590 3656 intellexisse
605 3620 739 3655 numerum
755 3606 804 3656 diei
819 3621 880 3658 casu
895 3606 1063 3667 intercidisse,
1079 3608 1147 3656 uude
1163 3620 1213 3670 ego

90 3674 200 3724 uenum
211 3674 284 3737 signa
294 3673 377 3738 posui.
396 3714 428 3723 ..
446 3670 508 3735 idas,
520 3689 540 3722 r.
554 3712 585 3723 ..
602 3671 696 3733 metati,
708 3689 732 3722 a.

125 3776 195 3838 §afa
214 3782 236 3823 et
252 3773 336 3837 colore,
349 3770 449 3825 erec.
472 3772 555 3834 colore,
571 3769 642 3839 assr.
661 3813 692 3823 -
710 3772 813 3835 sedato,
825 3776 889 3824 scd.
911 3771 1021 3834 maara,
1033 3788 1054 3823 r.
1074 3814 1104 3823 ..
1122 3780 1214 3836 stetere,

91 3842 128 3890 ita
139 3856 186 3892 nos
198 3843 349 3921 scripsimus.
368 3849 453 3904 terrae,
465 3840 652 3921 D¹acr3serea
664 3842 689 3891 D
697 3843 715 3890 ².
732 3841 875 3903 rere,=Tdr.
895 3846 967 3901 terre,
978 3835 1007 3903 β.
1027 3848 1112 3902 mecm,
1123 3841 1213 3892 Dalec.

91 3908 337 4028 mittitis
351 3907 673 4039 smapp...
687 3922 719 4024 tt
729 3903 1214 4039 attattataaaatt

90 4042 127 4092 ad
136 4043 218 4106 salem,
230 4050 260 4096 ι’
271 4043 390 4104 accolae,
403 4048 427 4095 d.
449 4043 532 4105 asole,
544 4040 595 4109 βγ.
609 4084 640 4094 ..
662 4040 775 4104 Gaurum
788 4059 827 4094 ar.
846 4084 878 4093 ..
895 4040 1006 4104 madae,
1019 4036 1087 4091 Hac.
1105 4041 1213 4105 modoet,

91 4107 166 4175 ᾱβγ.
192 4115 233 4163 De
251 4113 362 4163 ablativo
379 4126 403 4162 v.
421 4115 453 4162 ad
470 4117 517 4174 84,
533 4114 574 4162 82.
596 4151 628 4161 -
658 4110 729 4162 etiam
745 4111 781 4172 ei,
795 4113 833 4162 ita
847 4126 896 4161 nos
912 4110 1063 4174 scripsimus.
1095 4109 1213 4172 etiamst,

90 4175 207 4245 acdssr.
229 4181 322 4232 Honor
338 4180 393 4243 ipse
406 4179 561 4241 significatur
571 4179 694 4229 adiectiro
706 4179 845 4229 Homerico
857 4173 1048 4243 λινοθώρηκες.
1068 4216 1099 4226 ..
1120 4175 1215 4226 sihmo·

90 4247 147 4309 cers,
159 4251 222 4300 acd.
242 4286 272 4297 -
290 4247 410 4297 Homerus
419 4246 493 4298 Iliad.
504 4241 534 4307 β,
547 4250 604 4296 ⁶29.
616 4252 674 4297 830.
692 4286 724 4296 ..
742 4254 829 4311 sparta
838 4246 944 4298 Homer.
955 4244 1030 4296 Iliad.
1040 4238 1071 4306 β,
1084 4247 1141 4295 tat.
