2754 4726
316 318 385 364 nra.
403 317 476 365 xxr.
506 317 797 367 esr.xv1n.x1x.
827 319 924 367 sacr.
941 321 973 365 u.
987 320 1018 366 a.
1160 302 1227 371 '899

104 492 233 535 aereum
248 491 316 546 vas,
339 469 467 553 lenique
488 470 556 554 igni
579 491 676 535 sucus
691 469 849 554 coquitur,
865 471 966 536 donec
979 471 1034 536 fiat
1049 472 1229 538 crassitudo

104 570 226 646 mellis3
263 571 306 635 ad
338 569 417 634 hacc
450 568 525 656 eligi
557 579 683 654 oportet
714 569 939 635 odoratissima
971 592 1118 657 quaeque
1144 574 1228 640 folia.

104 671 208 736 XIX.
230 671 352 738 Vinum
374 671 534 754 quomodo
561 671 652 736 fieret
673 694 690 736 e
712 692 800 748 rosa,
834 670 974 737 diximus
1001 671 1086 739 inter
1111 697 1231 763 genera
1246 691 1293 736 raa

105 773 182 839 vini.
221 773 314 839 Usus
336 772 406 838 suci
427 772 470 837 ad
490 772 595 850 auris,
628 771 694 837 oris
715 771 841 848 ulcera,
874 771 1040 859 gingivas,
1075 776 1229 854 tonsillas,

104 874 302 962 gargarizati
330 873 545 951 stomachum,
574 874 699 952 volvas,
729 873 815 939 sedis
837 872 929 951 vitia,
959 874 1074 961 capitis
1095 875 1231 955 dolores,

105 976 139 1039 in
162 974 247 1041 febri
268 997 327 1061 per
349 997 384 1041 se
407 976 458 1040 vel
480 985 667 1039 cumaceto
690 996 831 1053 somnos,
853 975 993 1067 nausias.
1014 974 1109 1041 Folia
1130 1000 1230 1043 urun-

106 1088 159 1140 tur
179 1077 212 1141 in
235 1074 511 1161 calliblepharum,
533 1085 565 1139 et
580 1074 673 1140 siccis
687 1074 806 1140 femina
820 1070 1058 1164 adspergimtur
1064 1102 1074 1156 3
1097 1078 1230 1165 epipho-

106 1200 162 1242 ras
184 1199 314 1261 quoque
335 1175 426 1240 arida
446 1176 577 1242 leniunt.
613 1174 694 1241 Flos
721 1198 867 1241 somnum
892 1175 985 1256 facit,
1018 1177 1141 1245 inhibet
1168 1179 1231 1244 flu·

106 1279 227 1343 ctiones
242 1279 422 1355 mulierum,
445 1299 595 1342 maxume
609 1275 710 1354 albas,
731 1275 765 1340 in
779 1299 879 1362 posca
893 1288 988 1362 pctus
1011 1289 1050 1345 et.
1065 1281 1231 1367 sanguinis

107 1380 355 1457 exscreationes,
378 1378 532 1443 stomachi
546 1399 672 1462 quoque
688 1378 824 1456 dolores,
844 1380 1049 1463 quantumin
1071 1382 1137 1446 vini
1153 1405 1231 1468 cya-

109 1479 171 1544 this
180 1480 293 1546 tribus.
306 1479 424 1546 Semen
434 1479 486 1545 his
497 1489 665 1564 optumum
676 1479 839 1545 crocinum
849 1481 1063 1548 necanniculc
1073 1484 1233 1549 vetustius
1248 1498 1296 1543 raa

111 1582 197 1645 etin
219 1581 333 1647 umbra
356 1583 526 1658 siccatum3
554 1581 684 1669 nigrum
705 1580 827 1647 inutile.
859 1579 1016 1649 Dentium
1037 1583 1139 1649 dolori
1160 1585 1232 1650 inli-

110 1683 206 1761 nitur,
230 1683 356 1747 urinam
378 1682 451 1760 ciet,
475 1682 638 1748 stomacho
658 1682 840 1766 inponitur,
866 1683 944 1748 item
964 1683 1034 1769 igni
1057 1707 1147 1751 sacro
1167 1708 1232 1751 non

110 1783 225 1861 veteri3
259 1784 393 1848 naribus
419 1783 611 1848 subductum
639 1793 736 1869 eaput
757 1796 884 1870 purgat.
919 1781 1036 1871 Capita
1056 1797 1133 1872 pota
1154 1810 1232 1852 ven·
1279 1776 1285 1785 ’

110 1896 191 1948 trem
214 1895 245 1948 et
267 1885 457 1971 sanguinem
480 1884 606 1947 sistunt.
632 1882 770 1968 Ungues
791 1907 882 1949 rosae
904 1885 1067 1970 epiphoris
1089 1886 1233 1953 salubres

110 1998 206 2061 sunt3
229 1987 337 2050 ulcera
360 1985 445 2049 enim
461 1985 623 2048 oculorum
637 2005 711 2048 rosa
732 1984 921 2049 sordescunt
936 1998 1158 2073 praeterquam
1171 1988 1234 2052 ini·

112 2085 164 2150 tiis
182 2086 367 2171 epiphorae,
390 2085 436 2149 ita
449 2097 486 2149 ut
500 2084 591 2149 arida
605 2107 678 2149 cum
692 2108 776 2170 parre
790 2085 972 2171 inponatur.
995 2087 1088 2153 Folia
1103 2089 1232 2172 quidem
1249 2104 1296 2148 ras

112 2186 200 2251 intus
230 2186 385 2252 stomachi
412 2184 592 2251 rosionibus
619 2196 652 2250 et
678 2186 764 2252 vitiis
786 2186 906 2252 ventris
935 2201 991 2252 aut
1011 2189 1234 2255 intestinorum
1288 2220 1300 2241 κ

112 2288 281 2352 utilissima
314 2299 346 2352 et
380 2287 591 2373 praecordiis,
625 2287 676 2351 vel
704 2286 811 2362 inlita3
855 2288 927 2354 cibo
960 2310 1087 2374 quoque
1113 2291 1234 2376 lapathi

113 2389 207 2453 modo
228 2388 431 2453 condiuntur.
470 2384 646 2453 Cavendus
673 2387 706 2451 in
734 2387 784 2453 his
813 2390 892 2454 situs
914 2391 1059 2456 celeriter
1079 2391 1233 2456 insidens.

113 2488 158 2553 Et
180 2489 278 2554 aridis
299 2498 355 2553 aut
375 2488 537 2573 expressis
559 2487 675 2571 aliquis
696 2511 793 2564 usus3
828 2489 1030 2574 diapasmata
1057 2491 1132 2555 inde
1153 2491 1235 2555 fiunt

114 2590 155 2653 ad
177 2589 309 2655 sudores
330 2589 540 2665 coercendos,
570 2587 617 2652 ita
636 2597 674 2652 ut
695 2610 716 2651 a
736 2586 872 2654 balineis
898 2589 1078 2655 inarescant
1098 2592 1234 2678 corpori,

116 2692 191 2757 dein
211 2691 331 2777 frigida
352 2690 534 2756 abluantur.
572 2686 738 2755 Silvestris
764 2688 883 2774 pilulae
909 2713 983 2755 cum
1009 2690 1103 2777 adipe
1125 2692 1235 2759 ursino

115 2791 274 2880 alopecias
290 2792 470 2857 emendant.

115 2929 294 2994 calliblephara,
305 2933 337 2981 K.
349 2973 380 2981 -
390 2931 492 2994 femiae,
505 2931 529 2979 d.
545 2928 665 2994 plentina,
674 2931 707 2980 V.
723 2928 861 2994 placeatne,
872 2932 903 2982 R.
918 2973 948 2981 ..
962 2931 1059 2991 briant,
1069 2932 1123 2983 Vd.
1142 2932 1235 2996 linium,

116 2999 146 3048 T.
173 2998 275 3061 veniant,
287 2999 318 3047 R.
339 3039 368 3047 -
397 2997 744 3061 mulierum-exscreationes,
762 3001 857 3050 cm.R
876 3041 907 3051 ..
925 2998 1045 3061 01000,Τ.
1065 3040 1095 3050 ..
1114 3008 1235 3064 00001000,

115 3069 165 3117 Rd.
193 3073 291 3124 tantan,
310 3060 397 3116 OVT.
424 3067 520 3116 Neutra
537 3067 661 3130 scriptura
677 3075 765 3130 aptum
783 3082 884 3118 sensum
903 3068 1017 3132 praebet,
1042 3082 1098 3117 cum
1118 3083 1236 3118 mensura

115 3143 182 3184 certe
197 3135 267 3184 floris
283 3149 355 3184 rosae
371 3149 503 3184 mensuras
515 3142 643 3184 ternorum
655 3136 804 3199 cyathorum
819 3138 871 3185 vini
888 3138 1003 3185 addenda
1015 3143 1087 3184 essct.
1110 3135 1164 3184 Iam
1177 3150 1235 3186 cum

114 3202 214 3264 saepius
235 3202 296 3251 talia
316 3203 431 3264 legamus
451 3204 520 3266 apud
535 3202 656 3262 Plinium,
676 3203 762 3265 qualia
779 3212 838 3253 sunt
854 3209 949 3263 20,10.
971 3210 1083 3266 qnantum
1101 3210 1146 3251 tres
1163 3200 1237 3268 dipitr'

114 3266 320 3330 adprehenderint,
333 3276 373 3330 20,
389 3274 445 3319 162.
469 3276 582 3331 quantam
594 3267 792 3332 adprehenderint
804 3278 850 3320 tres
862 3268 939 3334 dipitr',
952 3277 993 3331 20,
1008 3276 1063 3321 las.
1086 3269 1151 3334 qaod
1162 3271 1236 3321 ternis

115 3334 196 3398 dipitis
207 3334 333 3398 prenderit
346 3336 449 3397 seminis,
466 3342 507 3396 20,
520 3343 578 3386 242.
602 3343 714 3399 quantam
731 3335 819 3386 duobus
836 3336 918 3402 dipitie
929 3337 1033 3401 capiant,
1050 3340 1108 3388 0011.
1122 3345 1162 3401 20,
1178 3345 1234 3390 ltr.

117 3408 173 3453 193.
194 3408 248 3453 194.
266 3405 313 3454 bis.
333 3411 373 3464 22,
392 3411 432 3455 64.
455 3410 496 3466 28,
514 3408 567 3465 91,
589 3419 670 3468 paene
689 3408 830 3455 necessario
850 3407 963 3469 sequitur
978 3405 1089 3456 Plinium
1107 3407 1236 3472 scripsisse

115 3478 227 3533 quantam
246 3471 320 3520 tribas
337 3470 391 3533 (vel
408 3469 509 3533 dachas)
526 3469 608 3536 dipitr'e
623 3470 821 3536 adprehenditur,
842 3472 867 3521 in
883 3473 934 3522 vini
949 3489 969 3522 c.
987 3481 1015 3522 tr.
1039 3473 1234 3539 Interpolationi

114 3540 220 3588 debetur
228 3546 307 3601 potas,
319 3542 387 3602 quod
399 3540 477 3590 habet
488 3541 522 3590 K.

148 3607 235 3669 §124.
259 3604 342 3657 Setaea
354 3605 398 3667 lis,
411 3610 434 3658 d.
462 3605 674 3668 Seniaaavr.
701 3604 849 3655 dluctasltis
861 3607 961 3670 optimu
972 3607 1237 3657 medeas-vetustior

116 3672 262 3735 -siecatas‚
274 3675 363 3724 Delec.
382 3715 413 3724 -
431 3675 552 3732 01000100,
567 3666 704 3724 OVTKd.
722 3673 832 3734 01000100,
844 3674 869 3724 R
898 3690 923 3743 r.
937 3716 968 3725 -
986 3675 1054 3734 cient,
1066 3676 1145 3726 RV2.
1163 3675 1234 3738 ciant,

114 3741 184 3790 V¹d
204 3781 235 3790 ..
258 3739 382 3801 001)ᾰί000,
394 3743 498 3793 Barbar.
517 3782 548 3791 ..
571 3748 632 3802 sant,
648 3741 680 3791 R.
699 3740 787 3792 Omitt.
803 3743 851 3792 Vd
882 3756 907 3808 γ.
927 3783 957 3793 ..
982 3759 1045 3804 rosa,
1058 3743 1113 3793 Vd.
1139 3760 1195 3792 rosa
1210 3759 1235 3792 ee

114 3824 178 3870 rosa,
190 3809 222 3858 R.
236 3849 266 3858 ..
286 3809 359 3870 initas,
371 3811 405 3861 V.
424 3850 455 3859 ..
473 3807 556 3870 ovida,
567 3808 600 3858 Β.

149 3878 164 3940 ς
178 3882 234 3927 125.
257 3877 327 3937 iata,
343 3878 429 3928 RVd.
454 3876 525 3938 aida,
541 3871 592 3942 βγ.
616 3915 648 3925 -
674 3875 751 3939 virita
768 3891 816 3939 pro
832 3877 858 3926 h.
870 3892 893 3926 v.
911 3877 1006 3928 habent
1021 3877 1084 3927 intra
1099 3879 1182 3929 RVd.
1202 3917 1234 3926 ..

115 3943 203 3992 ventris
219 3952 272 4004 ant,
290 3947 341 3995 Rd.
371 3944 448 3993 ventri
463 3951 517 4003 aut,
534 3944 568 3993 V.
597 3943 685 3992 ventris
701 3952 735 4003 et,
752 3938 802 4008 βγ,
831 3985 861 3992 -
892 3944 1018 3994 atilbsima
1037 3953 1060 3994 st
1076 3941 1235 4008 praecadiis,

115 4012 227 4063 RVTd.
251 4019 274 4061 et
281 4011 429 4076 praecordiis
440 4010 575 4071 0010001000,
585 4006 635 4075 pir.
654 4051 686 4060 ..
710 4009 809 4075 lappcti,
820 4012 855 4061 V.
880 4010 1073 4076 00100010.-
1098 4009 1236 4060 inridenset

116 4077 229 4140 ariditas,
241 4097 260 4129 r.
281 4120 312 4129 -
330 4088 372 4128 aat
384 4079 508 4143 expressis,
524 4070 634 4129 ORVd.
653 4085 676 4126 et
691 4078 815 4142 0000000020,
827 4073 878 4144 βγ.
901 4080 937 4129 Ar
952 4078 1077 4142 expressa,
1090 4094 1109 4128 r.
1130 4119 1160 4129 ..
1179 4076 1234 4126 dia-

113 4155 236 4209 parmata
251 4149 368 4198 Diosccr.
387 4153 408 4206 1,
423 4153 478 4196 181.
502 4186 534 4196 -
562 4144 701 4208 00100001.
724 4186 755 4196 ..
778 4144 879 4210 pilulae,
899 4139 1003 4196 ORVr.
1023 4144 1111 4205 Omitt.
1129 4141 1178 4206 ᾱβ.
1202 4183 1234 4193 -

116 4212 243 4277 alopecias,
255 4215 337 4265 VTd.
355 4212 471 4276 diopetas,
483 4215 515 4263 R.
538 4211 652 4277 alopecia,
668 4205 712 4263 Or.
735 4211 855 4278 abpeciat
865 4213 973 4276 mirpiee,
984 4207 1034 4276 βγ.
1055 4252 1085 4260 -
1104 4209 1235 4272 emendant,

121 4273 195 4332 OVr.
214 4280 329 4344 camalet,
341 4275 447 4342 RTdss.
