2754 4726
153 287 216 355 rot
505 296 708 347 unnunnms
731 295 926 345 merorum

151 455 262 523 hamos
283 449 439 525 curvatim
462 449 559 519 iidem
580 447 614 517 in
635 447 775 516 fistulam
796 446 874 513 flore
897 445 1038 511 demisso
1066 444 1147 511 mira
1167 445 1276 535 longi·
1341 466 1344 471 ·

153 555 264 619 tudine
293 561 450 617 crescunt.
488 548 576 616 Ecce
596 570 671 617 cum
691 569 843 614 maxume
869 569 952 617 novo
979 545 1083 612 forma
1109 568 1221 647 corum
1242 547 1321 615 iuct

154 652 334 740 Campania
354 650 503 737 provenit
524 648 600 718 mali
621 648 744 718 cotonei
767 647 887 739 effigie.
920 646 1018 713 Forte
1039 646 1143 733 primo
1163 658 1277 715 nauum

151 754 198 827 ita
219 753 315 823 audio
336 774 447 829 unum,
468 772 544 818 mcx
567 748 688 817 semine
710 771 751 815 ex
771 748 826 814 illo
848 769 952 834 genus
973 748 1110 824 factum
1131 749 1276 834 melope-

151 871 254 943 ponas
275 862 400 924 vocent.
423 850 497 919 Non
519 850 662 945 pendent
681 849 715 917 hi
737 849 794 917 sed
807 849 897 917 humi
910 849 1132 917 retunduntur.
1153 847 1277 916 Mirum

152 957 187 1027 iu
208 957 260 1025 his
281 964 410 1041 practer
429 951 568 1038 figuram
588 951 789 1035 coloremque
811 962 843 1016 et
864 951 1011 1028 odorem,
1034 950 1121 1034 quod
1141 953 1276 1019 maturi-

152 1066 249 1126 tatem
276 1054 386 1140 adepti
419 1073 611 1136 quamquam
635 1073 700 1117 non
733 1051 912 1136 pendentes
946 1049 1053 1117 statim
1080 1072 1099 1116 a
1127 1050 1276 1136 pediculo

151 1155 315 1225 recedunt.
361 1149 541 1221 Columella
564 1174 657 1220 auum
679 1151 776 1220 tradit
795 1162 1016 1228 conmentum,
1045 1161 1082 1217 ut
1103 1161 1168 1218 toto
1190 1167 1319 1220 anucco

152 1256 350 1342 contingant,
367 1253 515 1349 fruticem
534 1251 607 1321 rubi
628 1275 723 1336 quam
738 1252 955 1319 vastissimum
968 1251 1003 1318 in
1014 1252 1159 1337 apricum
1169 1253 1276 1324 locum

152 1355 323 1427 transferre
350 1365 383 1422 et
410 1352 567 1432 recidere,
595 1354 695 1421 duum
724 1353 898 1438 digitorum
919 1352 1031 1418 relicte
1051 1353 1167 1439 stirpe,
1189 1355 1276 1422 circa

103 1494 106 1511 ·
151 1479 285 1529 vernum
305 1453 560 1539 aequinoctium
582 1453 628 1521 ita
649 1453 683 1521 in
704 1453 843 1521 medulla
864 1453 938 1521 rubi
958 1453 1078 1520 semine
1093 1456 1275 1522 cucumeris

152 1557 261 1638 incito,
284 1567 370 1627 terra
390 1555 515 1624 minuta
534 1554 672 1638 fimoque
689 1553 983 1642 circumaggeratas
997 1554 1147 1620 resistere
1161 1555 1275 1642 frigori

152 1658 290 1737 radices.
313 1653 531 1726 cucumerum
561 1652 680 1723 Gracci
702 1653 764 1720 tria
785 1674 907 1741 genera
928 1654 1044 1734 fecere,
1065 1653 1274 1735 Laconicum,

153 1755 362 1840 Soudianoi,
385 1748 603 1830 Boeoticumr'
617 1777 657 1822 cx
679 1753 729 1821 hie
751 1764 876 1826 tontum
885 1754 1082 1840 Laconicum
1095 1777 1178 1840 oque
1191 1779 1274 1844 gau·

126 1857 241 1931 dere.
282 1853 368 1926 Sunt
389 1855 445 1940 qui
467 1854 568 1923 herba
588 1876 673 1938 quae
695 1865 828 1923 vocatur
855 1855 940 1921 culix
966 1856 1093 1922 nomine
1120 1856 1195 1921 trito
1222 1880 1274 1923 se.

154 1979 227 2028 men
251 1978 362 2025 eorum
383 1967 579 2024 maceratum
601 1955 664 2024 seri
683 1954 815 2021 iubeant
828 1967 864 2020 ut
878 1955 946 2021 sine
958 1956 1077 2022 semine
1091 1969 1275 2025 nascantur.

198 2060 249 2127 at.
286 2056 408 2127 Similis
435 2067 467 2125 et
496 2055 669 2125 cucurbitis
690 2064 820 2134 natura,
848 2055 1016 2123 dumtaxat
1042 2057 1076 2122 in
1097 2057 1274 2136 merendae
1288 2071 1319 2116 ⁶⁹

154 2178 255 2241 aeque
275 2157 412 2226 hiemem
433 2156 539 2233 odere,
561 2165 668 2224 amant
682 2156 835 2242 rigua-ac
854 2156 974 2222 limum.
1001 2155 1161 2229 Seruntur
1181 2158 1277 2224 ambo

155 2256 277 2328 demine
297 2256 332 2327 in
355 2266 440 2324 terre
461 2254 675 2341 sesquipedali
694 2256 822 2324 fossura
842 2256 926 2323 inter
946 2256 1182 2340 aequinoctium
1202 2281 1277 2324 ver·

153 2378 231 2426 num
252 2366 285 2425 et
305 2355 488 2434 solstitium,
509 2354 670 2423 Parilibus
691 2364 798 2422 temen
819 2355 993 2442 aptissime.
1019 2355 1133 2441 Aliqui
1153 2358 1276 2424 molunt

154 2479 194 2522 ex
222 2456 369 2521 kalendis
391 2455 490 2520 Mart.
513 2455 749 2521 cucurbitas-et
768 2456 860 2522 nonis
883 2457 1026 2522 cucumis
1047 2467 1080 2521 et
1099 2479 1159 2543 per
1181 2459 1275 2548 quin-

104 2637 106 2639 *
155 2567 287 2642 quatrus
314 2579 436 2635 serere,
466 2556 560 2622 eimill
587 2557 681 2621 modo
707 2557 910 2643 reptantibus
937 2557 1072 2643 flagellis
1095 2558 1275 2625 scandentis

156 2679 214 2751 per
246 2658 406 2749 parietum
438 2680 551 2744 aspera
583 2657 617 2725 in
646 2668 765 2724 tectum
793 2679 896 2747 usque
928 2656 1043 2725 natura
1072 2657 1274 2728 sublimitatis

155 2759 259 2824 avida.
284 2758 379 2824 Vires
402 2759 469 2823 sine
490 2757 683 2824 adminiculo
705 2758 812 2823 standi
833 2780 898 2824 non
919 2769 1003 2837 sunt,
1025 2759 1178 2850 velocitas
1199 2780 1274 2845 per·
1339 2812 1344 2822 .

155 2859 227 2936 nix,
254 2859 318 2924 levi
345 2859 460 2923 umbra
489 2880 632 2927 camaras
659 2880 697 2927 ac
718 2857 870 2947 pergulas
891 2857 1048 2945 operiens.
1092 2858 1175 2927 Inde
1195 2859 1275 2924 haec
1288 2869 1318 2916 ⁷⁰

155 2959 259 3045 primo
279 2958 344 3025 duc
366 2981 498 3046 genere,
519 2959 730 3024 camerarium
750 2968 783 3023 et
804 2957 965 3043 plebeium
988 2981 1052 3044 quo
1073 2959 1162 3025 humi
1179 2960 1271 3045 repit.

155 3167 277 3287 δέξπῖξᾶ,
287 3169 384 3233 Appnl.
395 3163 610 3232 fietulu‚aedssr.
630 3208 661 3219 ..
679 3167 785 3229 mamae,
798 3167 895 3232 Appul.
913 3164 1017 3227 dimum,
1029 3168 1092 3216 acd.
1106 3206 1138 3215 -
1156 3166 1273 3230 magnitat-

210 3270 217 3294 ,
253 3269 259 3283 .

189 3303 204 3363 5
217 3303 257 3351 67.
283 3299 319 3350 Et
329 3316 387 3360 ecce,
398 3316 420 3349 c.
433 3341 465 3353 ...
481 3317 532 3352 oum
544 3318 666 3365 maturam
678 3317 724 3366 pro
736 3303 777 3353 his
788 3317 828 3352 vv.
840 3302 938 3365 Appul.
950 3303 1028 3351 habet
1039 3301 1063 3349 ia
1075 3299 1213 3364 quidquem,
1229 3301 1273 3364 qui

155 3368 209 3430 ipse
219 3367 356 3429 scripoerot
367 3366 443 3430 inquit
453 3383 524 3430 qaam
537 3384 571 3419 sc.
583 3370 682 3419 Plinius
694 3369 755 3421 coll.
767 3384 791 3431 p.
804 3373 863 3430 265,
877 3375 917 3419 12.
935 3408 967 3418 ..
984 3367 1125 3432 provenerit,
1137 3368 1227 3418 Dulce.
1243 3404 1271 3414 -

156 3431 334 3496 tamegregium,
345 3435 389 3496 Ap
407 3435 442 3484 nl.
461 3475 492 3485 ..
508 3433 655 3498 gaudentii,
667 3435 732 3484 scd.
746 3434 986 3499 pudeamappul.
1007 3475 1038 3484 ..
1057 3442 1085 3491 et.
1098 3436 1122 3484 d.
1142 3475 1173 3483 ..
1195 3442 1273 3482 roma·

156 3498 253 3561 duntur,
264 3502 289 3549 d.
307 3515 336 3548 ra
394 3509 473 3562 antor,
485 3500 580 3564 Appul.
597 3499 773 3562 reclamantur,
784 3517 806 3550 c
823 3510 901 3551 rotam
915 3509 1045 3563 tenturus„
1063 3503 1130 3552 Huic
1140 3503 1218 3553 verbo
1229 3503 1273 3552 ud·

156 3569 209 3620 iieit
219 3583 259 3616 vv.
271 3565 347 3617 colore
357 3583 430 3616 aureo
441 3567 538 3631 AppuL
660 3568 663 3579 '

189 3637 258 3698 §ea
286 3632 414 3685 Commella
425 3635 473 3685 XI.
485 3641 510 3694 8,
523 3640 571 3696 δι,
589 3635 632 3685 ubi
647 3650 671 3685 v.
684 3635 830 3686 Schneider.
842 3652 867 3700 p.
880 3639 937 3686 597.
966 3633 1016 3685 001.
1034 3633 1109 3684 tradit
1123 3633 1273 3685 Mendeeima

156 3703 437 3764 emmenum‚1>tnt.-
456 3700 584 3766 mazlaum,
596 3704 620 3752 d
634 3743 665 3751 -
684 3701 823 3768 Scytolioau
835 3703 915 3752 Turn.
926 3703 984 3752 cdv.
998 3703 1272 3768 lo‚20.cx'1¹hcophr.

157 3768 419 3832 maturemus,
475 3809 506 3818 ..
529 3769 1009 3833 quuepcstmomirecollccantacd.
1028 3810 1060 3819 ,
1084 3768 1206 3831 admeto.
1229 3769 1272 3819 at·

105 3888 116 3901 „
158 3843 214 3897 tam,
227 3837 251 3887 d.
268 3834 367 3896 adria,
379 3837 439 3900 App
469 3873 524 3887 ...
543 3838 826 3914 maumammrffocd.
845 3834 969 3914 mucci,
982 3837 1078 3901 Appul

158 3905 440 4034 „lifoiifitfes
434 3910 482 4020 110⁶}
491 3919 669 4036 iiiiii?
659 3908 922 4036 illitterati?
922 3919 974 4034 'ii'
982 3906 1146 4032 :tw
1144 3899 1271 4034 itit

156 4032 321 4115 Bardonssr.
346 4078 376 4087 -
404 4035 457 4098 leni,
470 4039 502 4088 Κ.
516 4081 556 4090 ,-
581 4037 696 4104 pergulae
707 4038 822 4103 operiens,
834 4051 858 4087 a.
882 4036 986 4102 pergola
997 4038 1147 4102 opericm‚d.
1171 4036 1273 4102 pernota

155 4119 448 4231 “pald-s'ladmmd
472 4213 503 4222 -
524 4173 730 4233 rimoduc,ccd.
756 4171 802 4221 duo
813 4167 963 4236 primmssr.
987 4213 1018 4222 ..
1047 4175 1179 4234 quomod.
1202 4169 1272 4234 qaod,

155 4173 206 4300 stt}-
225 4279 256 4286 -
280 4239 411 4302 repit‚pro
423 4240 447 4287 h.
460 4255 483 4288 v.
496 4241 592 4291 habent
603 4237 671 4288 credi
681 4240 744 4288 acd.
769 4264 798 4288 ;.
818 4232 1097 4303 fumiqotnr‚0'1'ucd.
1116 4239 1272 4304 foragium,
