2754 4726
116 285 180 346 408
468 299 673 346 assumus
695 298 891 348 msronun

117 447 151 512 in
179 447 347 532 ecligmate
371 446 476 512 facilis
504 448 742 514 exscreationes
762 448 963 514 lacere'cnm
984 457 1078 514 aceto
1106 459 1140 515 et
1166 450 1239 530 sale,

118 547 307 634 sauguinem
341 568 548 614 concrescere
579 570 645 614 non
669 547 737 634 pati
768 569 788 614 e
814 546 925 626 melle,
955 547 1070 636 longas
1101 549 1240 618 laudum

116 646 349 713 destillationes
374 659 467 714 extra
493 648 584 714 inlita
609 671 683 715 cum
710 648 816 734 sinapi
842 659 1035 730 extenuare,
1068 650 1150 718 item
1176 663 1239 719 sto·

116 748 222 814 machi
237 761 270 813 et
283 750 405 814 ventris
419 749 508 815 vitia
529 748 661 816 Modice
681 749 734 815 his
756 759 865 816 nmen
878 750 1035 830 utendum
1053 763 1117 832 est,
1139 774 1239 838 quon·
1252 771 1287 817 ra

116 849 181 915 hm
209 850 424 916 excalfaciunt
452 872 518 936 qua
538 850 571 916 vi
598 850 716 916 sistunt
741 850 862 928 alvom,
896 871 979 934 quae
1007 851 1241 920 siexulcerata

118 951 171 1030 sit,
193 951 304 1017 denari
324 951 450 1038 pondus
471 951 506 1015 in
520 951 695 1017 sextarium
715 951 799 1017 aceti
827 962 860 1018 ct
880 951 984 1018 mellis
1004 953 1082 1018 addi
1096 965 1240 1041 oportet;

116 1053 193 1119 item
220 1051 380 1118 silsteris
400 1051 492 1118 dolor
519 1051 563 1117 sit
589 1062 647 1117 aut
673 1052 758 1118 inter
783 1052 933 1138 scapulas
956 1063 1014 1119 aut
1040 1054 1075 1119 iu
1103 1055 1239 1122 monce.

117 1152 323 1219 Praecordiis
343 1151 513 1218 medentur
533 1175 576 1218 ex
595 1163 687 1221 aceto
707 1175 781 1218 cum
802 1153 906 1234 melle,
930 1176 1015 1239 quae
1035 1156 1129 1242 potio
1149 1155 1240 1222 datur

117 1253 206 1320 etin
226 1253 419 1319 alienatione
440 1252 557 1318 mentis
578 1274 619 1319 ac
638 1252 884 1320 melancholicis.
914 1254 1024 1320 Datur
1044 1265 1079 1322 et
1098 1255 1237 1324 oomifia·
1250 1273 1284 1319 ut

116 1352 204 1420 libus
223 1373 307 1437 quos
321 1363 492 1438 correptos
505 1352 659 1419 olfactum
680 1354 800 1419 excitat
814 1354 961 1440 thymum
966 1379 976 1432 3
998 1355 1090 1422 aiunt
1112 1367 1147 1423 et
1167 1356 1238 1423 dor-

117 1455 199 1520 mire
225 1475 281 1519 eos
301 1463 451 1540 oportere
477 1453 513 1517 in
538 1453 626 1518 molli
651 1451 772 1539 thymo.
803 1443 942 1522 Prodest
968 1466 1001 1522 ct
1020 1457 1238 1545 orthopnoicis

118 1569 153 1624 et
172 1553 367 1621 anhelatioui
379 1553 614 1639 mulierumque
635 1553 799 1619 mensibus
820 1555 991 1622 retardatis
1012 1556 1065 1624 vel
1086 1557 1117 1623 si
1138 1579 1238 1624 emor·

118 1657 166 1722 tui
187 1656 306 1722 sintin
327 1655 726 1742 uteropartusdecoctnm
746 1655 782 1720 in
802 1676 887 1740 aqua
907 1656 1087 1737 adtentius,
1110 1668 1145 1724 et
1165 1657 1238 1724 viris

118 1780 198 1823 vero
219 1765 330 1821 contra
349 1755 528 1822 inflationes
549 1778 623 1822 cum
642 1755 736 1820 melle
762 1766 795 1821 et
815 1766 907 1822 aceto
931 1767 965 1824 et
986 1757 1014 1824 si
1035 1768 1153 1826 venter
1173 1768 1238 1826 tur-

118 1866 216 1944 gueat
238 1865 401 1940 testesque
421 1867 479 1921 aut
500 1856 528 1923 si
549 1856 677 1923 vesicae
697 1855 789 1922 dolor
809 1857 929 1944 exigat.
950 1856 981 1922 E
1001 1857 1080 1925 vino
1099 1869 1239 1927 tumorm
1251 1873 1292 1923 1⁵⁷

120 1966 154 2022 et
173 1956 304 2043 inpetus
318 1956 495 2044 inpositum
515 1956 606 2036 tollit,
628 1957 707 2024 item
727 1979 802 2023 cnm
822 1968 912 2025 aceto
933 1958 1052 2025 callum
1074 1971 1109 2027 et
1129 1983 1238 2028 verru-

120 2079 191 2137 cus3
214 2058 443 2125 coxendicibus
466 2059 632 2144 inponitur
653 2080 727 2124 cum
747 2057 833 2137 vino,
855 2057 1047 2125 articulariis
1067 2060 1190 2127 morbis
1209 2070 1241 2127 et

119 2157 238 2223 luxatis
265 2159 375 2223 tritum
400 2181 439 2224 ac
464 2158 556 2225 lunae
581 2159 764 2246 inspersum
791 2181 832 2225 cx
856 2159 945 2238 oleo,
983 2158 1143 2228 ambustis
1169 2184 1241 2228 cum

119 2258 214 2343 adipe
230 2257 333 2323 suillo.
353 2257 444 2322 Dant
464 2269 498 2324 et
510 2258 672 2345 potionem
686 2259 878 2327 articulariis
896 2259 992 2327 novis
1013 2260 1110 2328 trium
1131 2261 1241 2329 obolo·

118 2380 192 2422 rum
205 2357 347 2444 pondere
368 2358 402 2423 in
424 2357 528 2424 tribus
550 2359 676 2443 cyathis
690 2360 774 2426 aceti
796 2371 830 2426 et
850 2360 971 2440 mellis,
994 2372 1028 2428 ct
1054 2360 1090 2428 in
1112 2362 1242 2429 fastidio

120 2459 230 2524 tritum
250 2480 324 2523 cum
347 2460 424 2526 sale.

163 2559 213 2624 90.
236 2558 476 2628 Hemerooalles
496 2560 651 2651 pallidum
672 2584 690 2626 e
712 2562 808 2627 viridi
831 2573 863 2627 st
883 2563 977 2630 molle
999 2564 1114 2630 folium
1134 2564 1242 2643 habet,
1256 2580 1300 2627 las

154 2766 188 2829 in,
203 2769 236 2819 Κ.
256 2767 345 2818 Omitt
361 2767 445 2817 Rvd.
464 2807 496 2816 -
518 2765 634 2832 emmau,
650 2768 733 2819 Rvd.
751 2808 782 2817 -
799 2769 894 2832 facere.
915 2766 972 2821 ctum
987 2776 1053 2820 oceo
1068 2777 1091 2819 a
1105 2768 1158 2822 ecte
1173 2786 1242 2835 mo.

119 2851 195 2884 macr.
208 2851 253 2883 aon
263 2835 364 2897 patitur.
384 2832 420 2883 Et
431 2832 657 2897 melle-extenuat,
668 2836 701 2885 K.
721 2875 751 2884 -
769 2851 821 2884 cum
832 2843 1094 2898 aceto-concrescere,
1106 2852 1158 2887 om.
1171 2841 1196 2888 (l.
1209 2877 1242 2888 .-

120 2900 295 2963 cumauro,
307 2902 369 2952 RV.
387 2897 641 2966 lutilationcaussr.
657 2942 690 2952 ..
707 2908 841 2963 cuoeauarc,
852 2903 884 2952 R.
903 2903 1034 2964 auocari,
1044 2904 1099 2954 Vd.

153 2971 240 3033 5155.
258 2967 412 3032 Modiceliia3
430 2985 476 3035 pro
486 2967 792 3021 hisnhabcntMcdict's
800 2969 884 3020 Rvu.
902 3011 933 3020 ..
955 2971 1072 3032 worma,
1085 2971 1139 3021 Vd.
1157 2968 1242 3019 coodi-

120 3035 251 3098 looam‚R.
269 3079 300 3087 -
328 3036 508 3102 excalefaciunt,
526 3039 550 3086 d.
573 3077 605 3086 ..
631 3052 680 3098 qua
695 3035 721 3084 vi
733 3036 824 3096 estuat
840 3038 892 3087 Tc.
919 3037 1084 3100 marsuano,
1097 3038 1129 3088 R
1156 3053 1243 3100 quaro·

119 3104 156 3153 vis
172 3105 264 3167 sarar,
276 3101 358 3170 νβγ.
382 3147 413 3154 -
440 3104 588 3167 artavo.
606 3143 639 3153 ..
661 3101 754 3164 denae,
766 3103 797 3152 R.
825 3101 932 3166 amano,
944 3106 978 3155 v.
1003 3103 1106 3165 amai,
1118 3099 1191 3169 ᾱβγ.
1210 3146 1242 3156 -

118 3173 251 3233 scammata,
269 3173 301 3222 R
320 3213 351 3223 ..
370 3171 438 3235 aceti,
455 3173 511 3224 Vol
537 3171 630 3233 acca
653 3211 685 3220 -
712 3177 830 3233 oporteat,
845 3171 908 3221 RV.
928 3211 959 3221 ..
986 3169 1081 3234 latcrs's,
1101 3165 1242 3224 ORVTd.

120 3237 235 3297 lateralia,
247 3234 276 3299 β.
296 3280 327 3288 -
345 3239 495 3301 alienatione,
507 3242 560 3291 Ro.
578 3237 709 3298 elationem,
721 3238 784 3287 VT.

153 3308 168 3367 §
182 3310 238 3354 156.
257 3302 376 3367 olfactum,
388 3307 425 3354 ita
436 3321 483 3356 nos
495 3308 644 3369 scripsimus.
666 3303 764 3370 olfactu,
775 3305 826 3355 Ἦ.
844 3302 940 3368 olfacto,
953 3305 998 3356 Ψ.
1016 3303 1126 3368 olfactus,
1137 3301 1242 3373 Βάβγ.

120 3411 151 3419 -
170 3370 256 3430 exara,
269 3373 301 3421 R
311 3413 352 3450 ,-
371 3370 629 3449 thymumRutlymo,
641 3372 697 3422 Vd.
721 3371 800 3437 thymi,
811 3367 869 3452 βγ..
886 3412 918 3422 -
940 3371 1140 3454 aiunt-tlymp,
1153 3389 1205 3425 om.
1217 3376 1241 3428 d.

120 3479 151 3487 -
169 3435 334 3514 calcationis,
346 3439 378 3486 Β.
395 3435 556 3515 comana,
566 3440 629 3489 VT.
646 3436 828 3518 anhelamus,
839 3440 906 3489 Pmt
918 3453 951 3518 γ.Ι
961 3441 1002 3490 De
1013 3442 1029 3491 d
1041 3454 1095 3519 nop
1106 3441 1197 3505 liquet.
1209 3482 1239 3493 ..

119 3503 1243 3697 ,dpffid,3p,pg,1a,-,g,pffi,gpwufficrgpggfopf,

119 3657 148 3699 ss,
297 3675 303 3687 .
326 3654 358 3686 au
411 3675 417 3687 .

152 3708 237 3770 515⁷.
263 3704 291 3755 a
305 3675 496 3766 „inuuunt
522 3704 557 3753 n
571 3706 633 3768 uno,
648 3704 678 3768 s.
697 3749 727 3759 -
751 3707 883 3772 impostam
900 3706 967 3770 uetur,
983 3708 1066 3759 nvo.
1094 3707 1241 3774 cruram

118 3773 196 3832 situm,
206 3768 257 3838 βγ.
276 3813 306 3822 -
326 3772 543 3833 item-verrucas,
555 3775 636 3824 omitt
648 3778 721 3826 codd.
733 3775 846 3826 Barbari.
860 3815 892 3824 ..
909 3791 961 3824 cum
972 3774 1034 3839 ciac,
1050 3768 1161 3827 OVTd.
1180 3793 1240 3838 curt,

119 3840 151 3890 B.
165 3839 254 3891 Omitt
267 3842 340 3890 codd.
353 3840 411 3891 Gel.
422 3836 451 3902 β.
471 3880 501 3889 -
524 3839 679 3903 articularios,
692 3840 740 3893 dil.
763 3842 909 3906 articulata
921 3842 983 3893 BV.
1005 3850 1028 3892 ct
1038 3842 1196 3906 articularios,
1208 3845 1240 3895 Τ.

118 3915 142 3954 et
153 3905 329 3968 articularibus,
338 3910 411 3958 codd.
422 3908 477 3959 Gel.
487 3902 516 3967 β.
528 3948 558 3956 ..
571 3908 671 3970 malua,
680 3910 712 3960 R.
722 3951 753 3959 -
767 3909 881 3959 ambustio
893 3927 944 3959 mco
956 3908 1028 3974 adipe
1039 3909 1116 3972 suillo,
1129 3906 1238 3963 ovat.

119 3975 207 4025 Omitt.
225 3970 305 4040 Ββγ.
330 4017 359 4024 -
388 3973 544 4034 articulariis,
560 3978 584 4026 d.
611 3975 756 4038 articularis,
772 3978 834 4029 RV.
861 3977 1036 4038 articularibus,
1052 3973 1081 4039 β.
1105 4019 1137 4028 ..
1165 3977 1239 4040 moa,

119 4041 232 4119 Gronov.
261 4043 334 4103 bonis,
350 4044 435 4093 BVd.
462 4040 560 4102 morbis,
575 4036 627 4121 pis,
652 4083 691 4121 ··.
709 4042 801 4108 cyatls's
815 4044 888 4107 aceti,
906 4046 989 4096 V'rd.
1015 4044 1105 4108 quratt's
1121 4045 1191 4110 occul
1208 4047 1238 4098 lt

118 4116 179 4156 aretz
190 4109 290 4172 cyatica,
303 4111 334 4160 K.
353 4110 421 4172 aceti,
432 4107 483 4174 βγ.
502 4150 533 4158 ..
552 4116 575 4157 et
586 4125 618 4171 sa,
631 4111 663 4159 R
680 4126 714 4190 ut,
725 4111 781 4161 vd.
1029 4179 1035 4190 ,
1051 4179 1057 4191 ι

152 4175 238 4236 §lta
265 4176 461 4240 Phamerocallcs,
479 4177 562 4227 RVd.
589 4178 664 4228 Atv.
680 4176 795 4229 Dioscor.
813 4182 907 4241 8,127.
928 4221 958 4230 ..
985 4179 1089 4242 emrsdt‘,
1105 4181 1190 4233 Rth.
1216 4187 1240 4226 cr

118 4243 201 4303 viride,
214 4245 244 4295 T.
265 4286 294 4294 -
320 4244 390 4293 labet
397 4245 495 4311 folium,
509 4246 532 4295 d.
553 4286 582 4295 ..
607 4242 698 4305 radice,
710 4246 757 4297 Rr.
781 4245 909 4308 erratiles,
922 4248 953 4297 T.
977 4262 1019 4297 occ
1030 4246 1119 4311 radice,
1131 4249 1186 4300 vd.
1206 4288 1234 4296 -
