2754 4726
408 301 596 348 nraxvnr.
627 301 819 349 canxxrx.
851 303 995 352 saone.
1208 291 1268 356 211
1347 311 1359 325 ⁸

149 461 260 519 exortu
281 449 490 539 vergiliarum
511 451 624 537 incipit
646 475 674 516 a.
698 452 729 516 d.
751 477 794 516 vr.
807 453 890 525 ‚idus
912 453 1010 534 Mai,
1034 465 1069 520 ut
1091 457 1268 527 docuimus.

61 566 64 570 ’
147 552 248 618 Aliud
274 551 336 617 hoo
365 551 572 636 quatriduum
598 563 648 617 est
674 553 760 638 quod
781 577 884 638 neque
910 577 983 621 rore
1005 556 1134 623 sordere
1161 559 1268 640 velint,

145 708 185 718 .-
209 653 316 718 exurit
338 653 422 719 enim
443 653 596 740 frigidum
618 654 707 720 sidus
729 657 848 720 arcturi
869 656 1026 742 postridie
1047 657 1210 739 occidens,
1226 714 1268 725 -

145 767 177 820 et
190 755 292 820 multo
306 755 412 819 minus
426 754 637 840 plenilunium
657 755 809 822 incidere.
831 780 876 821 1v.
898 780 999 822 nonas
1020 757 1131 822 Iunias
1151 759 1269 825 iterum
1281 777 1330 823 aas

146 857 251 941 aquila
273 857 414 921 exoritur
436 856 577 942 vesperi,
606 856 782 922 decretorio
810 857 862 923 die
883 857 1071 925 florentibus
1093 861 1172 926 cleis
1193 846 1267 928 viti-

145 957 287 1042 busque,
314 957 342 1022 si
369 956 581 1042 plenilunium
601 957 636 1021 in
657 980 731 1022 eum
752 959 882 1023 ineidat.
919 959 1082 1043 Equidem
1105 972 1138 1026 et
1160 962 1267 1028 solsti-

130 1060 227 1127 tium
256 1081 325 1123 vm.
354 1059 418 1124 kal.
446 1058 545 1123 Iulias
574 1058 669 1122 simili
698 1081 795 1124 eausa
823 1060 970 1124 duxerim
997 1071 1031 1125 et
1052 1061 1140 1126 canis
1162 1072 1269 1128 ortum
1297 1054 1308 1065 ⁸

144 1169 220 1244 post
242 1159 312 1224 dies
333 1181 353 1223 a
376 1158 509 1223 solstitio
530 1180 632 1236 xxm,
672 1159 729 1224 sed
757 1159 928 1225 interlunio
954 1159 1135 1240 accidente,
1163 1184 1266 1246 quon-

107 1283 116 1291 ·
143 1261 208 1324 iam
234 1283 352 1347 vapore
382 1269 507 1326 constat
535 1261 630 1345 culpa
656 1261 802 1344 acinique
829 1271 1064 1345 praecocuntur
1084 1262 1119 1326 in
1141 1263 1266 1329 callum.

144 1361 271 1427 Rursus
297 1361 507 1448 plenilunium
535 1372 630 1426 nocet
656 1385 685 1425 a.
712 1362 743 1426 d.
766 1386 811 1426 1v.
833 1384 933 1426 nonas
954 1361 1073 1440 Iulias,
1101 1385 1175 1428 curn
1195 1363 1265 1429 Ae-

144 1470 245 1550 gypto
267 1462 413 1527 canicula
435 1461 596 1540 exoritur,
625 1462 677 1527 vel
699 1473 783 1528 certe
804 1485 873 1527 xvr.
895 1463 960 1527 kal.
983 1464 1168 1551 Augustas,
1192 1486 1266 1529 cum

143 1563 256 1629 Italiae
263 1588 272 1642 3
294 1564 374 1628 item
394 1585 465 1627 xm.
488 1563 551 1627 kal.
574 1562 759 1650 Augustas,
787 1585 860 1627 eum
881 1563 989 1647 aquila
1010 1564 1141 1643 occidit,
1163 1586 1266 1649 usque

84 1708 92 1725 .
144 1666 178 1728 in
205 1688 239 1729 x.
266 1665 329 1729 kal.
359 1664 499 1729 easdem.
535 1663 641 1728 Extra
673 1663 731 1729 has
764 1686 878 1729 causas
911 1676 986 1730 sunt
1018 1664 1136 1729 vinalia
1164 1666 1265 1732 altera
1278 1680 1327 1726 asa

142 1787 225 1848 quae
252 1774 393 1850 aguntur
421 1787 449 1828 a.
472 1763 503 1828 d.
525 1786 608 1828 xrnr.
630 1765 694 1829 kal.
717 1760 927 1850 Septembris.
963 1766 1068 1832 Varro
1091 1787 1129 1831 ea
1149 1789 1169 1830 a
1190 1766 1264 1830 fidi·

143 1866 215 1930 cula
236 1866 407 1950 incipiente
430 1864 576 1931 cecidere
598 1886 691 1929 mane
713 1865 916 1944 determinat,
942 1867 1028 1950 quod
1050 1867 1117 1932 volt
1136 1866 1265 1930 initium

143 1967 288 2032 autumni
317 1989 388 2032 esse
418 1976 450 2031 et
476 1965 563 2031 hunc
585 1965 672 2029 diem
698 1965 818 2030 festum
840 1965 1084 2051 tempestatibus
1104 1965 1263 2031 leniendis

141 2066 341 2144 institutum3
364 2089 450 2132 nunc
470 2066 632 2131 fidiculam
659 2065 805 2131 occidere
826 2089 855 2130 a.
878 2066 908 2130 d.
931 2090 975 2130 vr.
998 2066 1072 2132 idus
1094 2068 1263 2153 Augustas

142 2179 296 2235 servatur.
317 2167 408 2232 Intra
427 2167 506 2233 haec
528 2177 654 2232 constat
677 2167 823 2232 caelestis
847 2166 1012 2246 sterilitas,
1034 2190 1139 2254 neque
1160 2191 1262 2256 nega·
1276 2181 1325 2228 ²9⁰

29 2275 34 2279 ’
141 2271 244 2336 verim
264 2292 359 2356 posse
382 2291 452 2334 earn
473 2279 655 2356 permutare
676 2267 853 2354 algentium
874 2269 1015 2335 locorum
1029 2271 1261 2336 aestuantium·

141 2392 204 2455 que
225 2381 355 2436 naturas
362 2394 371 2447 3
403 2370 461 2435 sed
487 2392 507 2433 a
527 2369 620 2435 nobis
642 2369 799 2435 rationem
820 2369 1067 2436 demonstratam
1090 2393 1161 2437 esse
1183 2371 1261 2436 satis

141 2482 209 2548 est,
237 2471 359 2556 reliqua
387 2470 608 2537 observatione
637 2469 792 2553 cuiusque
820 2470 1022 2537 constabunt.
1057 2473 1260 2537 Alterutrum

140 2573 270 2658 quidem
292 2572 361 2638 fore
381 2571 416 2635 in
438 2590 546 2647 eausa,
576 2569 637 2635 hoc
659 2578 708 2633 est
734 2568 946 2654 plenilunium
966 2581 1021 2645 aut
1042 2572 1278 2650 interlunium.

140 2684 205 2740 non
231 2673 292 2740 erit
319 2672 463 2739 dubium.
499 2669 544 2735 Et
570 2671 604 2734 in
624 2669 685 2734 hoc
706 2669 885 2735 mirabilem
907 2670 1056 2759 admirari
1078 2671 1318 2757 benignita-291

140 2785 203 2841 tem
225 2784 359 2839 naturae
381 2771 554 2849 succurrit,
586 2770 651 2835 iam
678 2770 819 2857 primum
840 2769 922 2837 harro
942 2771 1090 2837 iniuriam
1111 2771 1259 2838 omnibus

150 2984 258 3046 §aaa
286 2979 473 3042 Iambasehol.
486 2979 605 3032 German.
627 2976 691 3040 lua,
703 2993 726 3030 a.
747 2976 820 3040 Iunii,
833 2974 904 3043 ᾱβγ.
926 2979 1058 3043 V.§256.
1078 3020 1110 3029 -
1131 2977 1257 3028 itwidatt'a
1295 3034 1300 3040 ,

142 3065 200 3108 ema,
213 3049 295 3099 schol.
308 3047 427 3099 German.
447 3089 478 3097 ..
504 3047 550 3098 VI.
563 3045 621 3108 kal,
632 3048 775 3098 Pontedera
786 3047 804 3095 l.
816 3047 834 3095 l.
846 3062 871 3110 p.
885 3051 942 3096 384.
959 3047 998 3096 At
1009 3063 1032 3096 v.
1045 3049 1059 3111 5
1072 3053 1130 3097 256.
1143 3050 1200 3096 264.
1224 3087 1256 3097 .-

139 3114 193 3176 1ιι1.,
205 3118 250 3167 ad.
276 3113 369 3176 Ionias,
381 3116 462 3166 sehcl.
475 3114 594 3166 German.
614 3112 693 3174 'Ianii,=
701 3108 731 3173 β.
752 3152 779 3160 -
806 3111 920 3173 insimili,
933 3128 949 3161 a
961 3111 1055 3173 (schol.
1068 3111 1201 3175 German.)
1222 3113 1256 3162 ai·

139 3182 195 3245 mili,
208 3179 280 3247 ᾶβγ.
300 3223 331 3232 ..
354 3199 418 3244 maa,
431 3183 511 3233 schol.
525 3182 644 3234 German.
667 3220 699 3229 -
719 3176 827 3238 dixerim,
839 3180 920 3229 schol.
933 3179 1052 3232 German.
1076 3223 1106 3231 ..
1129 3178 1256 3242 XXIIII,

139 3251 308 3301 Pontederal
322 3251 340 3300 l.
357 3266 382 3314 p.
395 3256 452 3301 385.
475 3291 506 3299 ..
534 3247 658 3308 occidente,
675 3263 699 3296 a.
718 3287 749 3295 ..
775 3245 804 3294 X
810 3243 867 3296 VH.
886 3243 935 3296 teat.
951 3246 1024 3313 Aap,
1040 3250 1184 3298 Pontedera
1200 3249 1218 3297 l.
1236 3249 1253 3298 l.

139 3333 163 3380 p.
175 3324 234 3368 385.
250 3358 282 3367 -
300 3317 354 3366 item
365 3315 425 3379 HJ,
438 3319 505 3368 Pint.
518 3332 551 3366 ex
565 3314 702 3366 columen.
716 3314 764 3364 XI.
775 3320 799 3375 2,
809 3318 849 3364 53.
868 3313 921 3362 item
932 3312 991 3374 JV„
1004 3316 1083 3366 schol.
1098 3317 1216 3368 German.
1229 3324 1254 3365 et

138 3385 309 3514 Pontederpql.
321 3385 339 3434 l.
352 3401 377 3449 p.
390 3390 447 3436 89⁰.
461 3425 492 3434 ..
510 3384 557 3445 X.,
568 3398 619 3432 om.
630 3381 781 3432 Pontedera.
795 3423 825 3431 ..
844 3380 946 3445 easdem,
959 3383 1032 3434 Tad.
1050 3382 1159 3445 cicadam
1171 3383 1252 3433 schol.

139 3451 256 3502 German.
289 3487 295 3501 .

170 3518 185 3580 5
198 3523 256 3571 289.
273 3517 378 3582 XHH,
391 3521 464 3570 Tad.
482 3515 572 3577 XJJJ,
584 3518 664 3569 schol.
678 3516 796 3568 German.
807 3511 837 3578 β.
856 3558 888 3566 ..
913 3516 991 3567 Varro
1002 3531 1039 3577 eo,
1051 3516 1088 3566 ita
1098 3532 1146 3566 nos
1155 3517 1252 3580 scripsi-

136 3601 191 3637 mus
208 3587 268 3636 coll.
285 3589 300 3651 5
316 3591 374 3637 286.
408 3586 485 3636 Varro
502 3593 531 3646 et,
548 3586 641 3637 Tadr.
666 3581 703 3634 Et
726 3583 813 3645 Varro,
830 3585 911 3634 schol.
928 3583 1048 3635 German.
1064 3578 1094 3645 β.
1127 3582 1251 3650 Verrem

142 3654 221 3704 Varro
233 3652 272 3703 die
283 3669 344 3702 nono
356 3651 433 3713 ofid,
450 3654 592 3704 Pontedera
602 3653 620 3702 l.
632 3652 650 3702 l.
661 3668 687 3716 p.
700 3655 758 3702 887.
780 3692 812 3701 -
840 3649 960 3712 leniendis,
976 3652 1059 3701 schol.
1076 3650 1195 3701 German.
1223 3650 1252 3700 a·-

136 3719 235 3782 nr‘endr's,
246 3737 270 3772 a.
291 3713 334 3788 Μ
342 3719 457 3780 liniendis,
471 3723 494 3770 d.
513 3717 639 3782 finiendis,
650 3720 685 3769 D.
708 3758 740 3768 ..
766 3717 963 3779 arcamarcaa,
980 3719 1058 3768 schol
1076 3718 1196 3769 German.
1218 3760 1249 3769 ..

134 3786 238 3838 occidere
285 3789 290 3800 '
306 3786 392 3837 aidus
403 3789 443 3838 rel
455 3804 479 3837 o.
492 3786 515 3837 d.
534 3785 616 3848 VIII,
627 3789 771 3838 Pontedera
781 3787 799 3834 l.
811 3787 828 3834 l.
841 3801 866 3850 p.
879 3791 937 3836 360.
951 3789 1009 3836 387.
1028 3827 1058 3833 -
1077 3793 1192 3848 senaar,
1205 3788 1250 3836 ad.

27 3896 30 3901 .
134 3856 280 3917 coematur,
292 3857 315 3906 Τ
327 3852 419 3916 (schol.
433 3853 573 3918 German).

166 3926 253 3988 §29st
280 3938 339 3983 eam,
352 3920 471 3985 a(schcl.
485 3919 618 3984 German.)
644 3937 680 3982 eo,
699 3922 751 3973 Td.
775 3963 806 3970 ..
831 3927 975 3983 permutare,
992 3920 1044 3970 Td.
1067 3919 1210 3984 permutari,
1226 3937 1249 3970 a.

132 3990 268 4052 permutari
281 3988 392 4049 arbitrio,
408 3990 487 4040 schol.
506 3990 625 4042 German.
641 3985 693 4053 βγ.
717 4029 749 4037 -
776 3987 917 4052 alpadum,
933 3989 1000 4038 Pint.
1030 3985 1165 4052 lepontium,
1183 3989 1249 4042 Tad

133 4055 226 4117 (schol.
239 4055 371 4116 German.)
383 4052 433 4120 βγ.
446 4098 477 4106 ..
495 4055 704 4119 cenantemque,
715 4057 782 4106 Pint.
800 4056 963 4116 aestuantium
975 4055 1050 4104 Tad.
1067 4054 1250 4116 aeaatnantr'um,

132 4125 214 4175 schol.
227 4125 347 4177 German.
358 4119 408 4187 βγ.
427 4163 459 4171 ..
476 4121 525 4184 aed,
537 4124 617 4174 schol.
629 4123 748 4174 German.
766 4130 794 4183 et,
807 4125 852 4172 ad.
871 4163 903 4172 ..
927 4121 1022 4182 locat,
1034 4121 1115 4171 schol.
1128 4121 1249 4172 German.

133 4189 176 4240 loc
187 4191 328 4255 catulique
339 4188 504 4247 observatione,
515 4194 561 4240 ad.

166 4257 251 4319 §29L
278 4256 408 4308 mirabilem
419 4255 636 4317 admiratschot.
649 4255 767 4307 German.
785 4254 1006 4317 mirabilea,Tad.
1027 4254 1211 4353 prirarfflard.
1223 4267 1248 4317 γ.
