2754 4726
329 317 400 366 nm.
414 319 502 365 xvu.
531 318 610 364 ose.
627 319 689 365 xx.
705 319 778 366 xxs.
807 317 904 367 suen.
920 321 950 363 as.
965 320 997 363 a.
1162 300 1223 367 10⁷

102 469 158 534 sed
188 468 312 534 tardius
338 479 515 534 naseuntur
543 478 724 553 terramque
755 468 863 534 defixa
890 470 945 535 vix
974 469 1125 544 tolerant,
1159 490 1224 534 non

103 570 198 634 modo
220 591 374 636 umorem.
404 567 587 637 Sambueus
607 578 718 635 eontra
738 569 920 635 firmissima
940 569 983 635 ad
1004 569 1112 653 palum
1133 569 1225 633 taleis

103 670 219 736 seritur
241 681 279 735 ut
298 671 458 756 populum
479 692 554 735 narn
576 669 616 735 de
638 692 792 755 cupresso
814 669 893 736 satis
914 669 1065 736 diximus.

141 770 246 837 XXI.
267 771 320 836 35.
342 770 388 835 Et
409 770 584 857 praedietis
604 770 693 836 velut
713 770 919 836 armamentis
941 769 1109 836 vinearum
1126 781 1224 837 restat
1240 787 1287 832 us

102 871 244 958 ipsarum
266 882 382 937 natura
403 872 576 958 praecipua
596 872 755 938 tradenda
774 894 861 938 eura
885 870 1013 938 Vitium
1035 871 1172 938 uuoulis
1193 884 1226 938 et

102 970 301 1054 quarundam
330 971 496 1051 arborum,
524 972 643 1059 quibus
669 973 836 1062 fungosior
862 973 951 1039 intus
971 983 1104 1050 natura,
1132 972 1226 1061 geni·

102 1072 198 1137 eulsti
221 1095 391 1160 scaporum
413 1073 489 1138 nodi
510 1075 745 1161 intersaepiunt
766 1075 951 1142 medullam.
972 1073 1112 1140 Ferulae
1133 1073 1226 1158 ipsas

102 1173 218 1239 breves
235 1184 270 1240 et
286 1175 328 1239 ad
346 1197 471 1240 summa
491 1175 655 1242 breviores
677 1174 819 1241 articulis
840 1175 951 1261 utique
972 1173 1023 1241 his
1043 1174 1225 1242 internodia

102 1273 281 1340 inoludunt.
314 1273 471 1354 Medulla,
494 1276 563 1342 sive
584 1276 639 1342 illa
660 1276 765 1342 vitalis
786 1277 893 1342 anima
913 1287 974 1354 est,
995 1287 1072 1340 ante
1095 1298 1130 1340 se
1152 1286 1224 1342 ten·

103 1374 148 1441 dit
168 1375 405 1462 longitudinem
426 1377 584 1463 inpellens
605 1378 760 1463 quamdiu
780 1378 857 1443 nodi
877 1377 989 1463 pervia
1001 1387 1091 1462 patet
1107 1376 1224 1442 fistula.

105 1473 188 1542 Cum
209 1500 287 1543 vero
308 1479 450 1544 oonoreti
476 1479 626 1544 ademere
653 1479 839 1557 transitum,
869 1500 1059 1566 repercussa
1086 1477 1288 1564 erumpimus

103 1577 142 1643 ab
169 1578 238 1643 ima
269 1579 320 1644 sui
351 1591 444 1664 parte
475 1580 567 1645 iuxta
598 1580 740 1667 priorem
771 1581 892 1646 nodum
924 1580 1054 1644 alternis
1086 1579 1224 1644 laterum

104 1700 232 1767 semper
257 1679 459 1767 inguinibus,
488 1693 525 1745 ut
552 1681 674 1746 dietum
700 1680 810 1745 estin
838 1679 1019 1745 harundine
1047 1701 1086 1745 ao
1111 1679 1223 1759 ferula,

102 1802 239 1865 quorum
267 1779 436 1846 dexterum
465 1779 507 1846 ab
533 1781 599 1846 imo
627 1781 827 1868 intellegitur
855 1782 1006 1859 articulo,
1039 1780 1164 1847 laevom
1190 1781 1226 1846 in

104 1902 261 1969 proxumo
287 1892 384 1966 atque
409 1881 457 1946 ita
481 1904 541 1968 per
570 1882 659 1946 viois.
696 1881 770 1948 Hoo
791 1894 924 1947 vocatur
945 1883 979 1947 iu
1000 1881 1065 1946 vite
1086 1903 1225 1968 gemma,

104 2004 174 2049 oum
197 1982 244 2048 ibi
265 1983 441 2070 osespitem
462 1982 554 2061 faoit3
584 1994 657 2049 ante
679 2005 756 2048 vero
778 2004 874 2065 quam
894 1982 1007 2062 faeiat,
1029 1981 1063 2045 in
1085 2002 1226 2046 oonoavo

107 2085 216 2150 ootdus
236 2093 271 2150 et
291 2084 326 2148 in
347 2084 513 2149 oaoumine
534 2083 608 2170 ipso
628 2105 771 2172 germen.
808 2079 865 2149 Sio
885 2082 1052 2169 palmites,
1081 2091 1227 2167 nepotas,

109 2192 201 2262 uiae,
230 2183 320 2263 folia,
347 2183 492 2271 pampini
514 2185 707 2273 gignuntur,
735 2184 915 2268 mirumque
935 2184 1078 2249 firmiora
1099 2204 1171 2248 esse
1190 2180 1226 2246 in

110 2282 236 2350 dextera
257 2295 351 2370 parte
371 2278 492 2373 genita
530 2285 602 2351 Hos
624 2308 703 2373 ergo
723 2287 756 2351 in
778 2286 915 2352 suroulis
935 2286 1055 2363 nodos,
1077 2307 1152 2350 eum
1173 2306 1225 2350 se·
1240 2294 1287 2339 ¹⁶⁴

113 2395 229 2464 runtur,
251 2386 375 2452 medios
397 2408 506 2453 seoaro
528 2398 654 2474 oportet
674 2387 718 2452 ita
738 2409 780 2453 ns
801 2386 939 2473 profluat
952 2385 1109 2463 medulla3
1139 2395 1172 2449 et
1190 2384 1226 2447 in

115 2483 166 2551 lieo
190 2488 320 2572 quidem
350 2488 555 2554 dodrantales
582 2489 693 2573 paxilli
722 2489 788 2554 solo
817 2488 980 2574 patefacto
1008 2495 1158 2552 seruntur
1179 2483 1227 2549 sio

118 2597 148 2650 ut
162 2588 358 2655 descendant
379 2610 464 2672 quae
485 2611 645 2675 proxuma
665 2588 772 2653 arbori
792 2588 923 2664 firerint,
944 2588 1010 2652 duo
1031 2588 1114 2653 oeuli
1135 2597 1226 2651 extra

121 2694 220 2754 lenam
248 2689 428 2769 emineant3
456 2689 542 2765 oouli
568 2699 675 2754 autem
701 2690 736 2752 iu
762 2689 912 2754 arborum
938 2686 1075 2751 surculis
1095 2684 1226 2770 propris

123 2800 273 2869 voantur,
300 2791 387 2857 unde
409 2791 639 2878 germinantur.
677 2788 751 2855 Hae
773 2789 814 2853 de
836 2810 934 2854 eausa
953 2798 987 2852 et
1006 2786 1041 2851 in
1060 2783 1226 2872 plantariis
1240 2795 1288 2840 555

123 2885 274 2974 d‘rquando
301 2891 416 2957 eodem
441 2912 525 2957 anno
552 2893 660 2956 feumt
689 2911 771 2975 quos
796 2890 886 2964 foere
912 2886 1009 2953 laturi
1037 2887 1164 2952 fruetus
1190 2884 1226 2950 in

124 2986 231 3070 trbore,
254 3015 329 3058 oum
351 2992 540 3078 tempestive
559 2991 621 3059 sati
639 3002 856 3080 praegnantes
869 2989 1037 3055 inchoatos
1050 2998 1225 3074 oonoeptus

125 3084 203 3157 dubi
228 3093 368 3180 pariunt.
405 3094 456 3158 Ita
482 3104 567 3160 satas
593 3093 672 3159 fioos
700 3091 795 3157 tertio
823 3112 906 3156 anno
928 3090 1099 3156 transferre
1119 3086 1223 3154 iaoile.

125 3256 161 3308 155
177 3265 266 3328 mitur,
281 3261 374 3331 adfir.
389 3265 496 3330 foditur,
513 3267 595 3316 altera
606 3264 765 3328 Daleoampii
777 3265 923 3315 coniectura
933 3271 959 3314 et
970 3262 1116 3315 Sohnsldsr.
1128 3267 1160 3314 ad
1173 3263 1223 3316 Co.

125 3322 202 3382 lflmoll
212 3334 259 3397 IV,
272 3341 314 3394 ³³,
327 3340 350 3384 5.
369 3374 401 3384 ..
419 3348 565 3397 comamque,
576 3334 626 3384 Kr.
649 3327 872 3396 lamamqumdss.
888 3373 922 3393 ¹.
936 3332 1116 3397 sractffisotr.
1136 3372 1166 3382 -
1184 3347 1224 3381 so·

126 3389 182 3457 otu,
192 3415 212 3450 a
229 3443 262 3451 -
281 3400 385 3450 stemus
400 3408 439 3462 ro,
453 3407 501 3452 rao
513 3415 583 3465 seqq.

153 3475 221 3537 lisa.
247 3484 356 3546 would,
373 3488 417 3537 ad.
443 3483 540 3544 surculi,
555 3485 661 3535 Barbor.
677 3479 707 3546 β.
726 3525 758 3534 ..
785 3486 939 3547 namraad.
966 3478 1172 3547 naturantssr.
1191 3523 1223 3538 ,,

125 3545 338 3614 moos-nodi,
351 3554 424 3604 Tad.
441 3551 701 3619 geniculatis-nodis,
712 3547 742 3614 β.
759 3592 789 3602 -
807 3550 924 3613 Fistula,
935 3551 1025 3603 Doleo.
1038 3559 1064 3601 st
1075 3551 1223 3603 Schneider.

126 3608 282 3671 ⁸llilolunrell.
294 3621 343 3670 IV,
356 3626 397 3679 29,
410 3627 433 3672 8.
446 3628 471 3671 et
479 3622 513 3671 ad
521 3621 653 3686 Theophr.
665 3622 696 3671 Τ.
707 3620 741 3670 V.
753 3635 780 3685 p.
793 3625 850 3672 267.
860 3660 892 3670 -
906 3634 1028 3679 marsuam,
1041 3621 1065 3667 d.
1075 3658 1107 3667 ..
1119 3615 1223 3679 araboli,

127 3675 423 3805 &gemmare
451 3686 543 3750 duaa
568 3686 658 3750 dead.
685 3684 843 3752 duotuassr.
862 3728 893 3738 -
917 3684 1083 3748 aodi'l'adr.
1106 3678 1223 3745 nodiafi.

190 3789 196 3810 ‚
226 3757 308 3806 arbar.

153 3829 221 3892 lua.
246 3838 360 3899 menae,
377 3856 399 3889 a.
419 3880 449 3889 ..
477 3840 627 3904 superiorem,
644 3841 677 3890 K.
697 3881 728 3890 ..
756 3837 888 3887 harundine
902 3842 942 3897 16,
956 3842 1012 3888 loo.
1032 3878 1062 3887 ..
1082 3796 1170 3900 forulo
1185 3840 1223 3896 1³,

128 3898 171 3946 ¹²²·
185 3944 212 3955 ..
234 3923 343 3971 quorum,
354 3908 444 3959 Doleo.
463 3948 493 3958 -
517 3906 620 3969 dextero,
637 3910 682 3958 ad.
702 3947 733 3956 ..
754 3904 885 3969 pausiam,
900 3905 989 3955 Dalec.
1009 3946 1040 3955 ..
1059 3902 1135 3966 serit,
1147 3904 1222 3955 Tad.

120 3958 175 4028 fiili
183 3966 228 4038 βγ.
246 4016 278 4025 ..
298 3972 382 4036 oculos,
394 3991 418 4025 a.
437 4016 467 4025 -
487 3974 592 4034 deatao,
605 3991 628 4024 a.
646 3971 739 4035 dextro,
751 3967 824 4038 dssr.

153 4046 222 4109 tul.
244 4056 451 4119 medaeam.
471 4099 502 4111 -
522 4057 619 4123 postue
635 4050 694 4109 ox.
724 4056 895 4119 neutras.
919 4050 1062 4120 paetum.
1081 4095 1111 4104 -
1136 4053 1223 4118 yeme

126 4125 201 4184 Μὶν,
215 4119 262 4177 θα.
278 4126 421 4191 pemittant,
433 4123 506 4190 dssy.

153 4201 223 4264 lies.
240 4212 358 4274 usquead
376 4224 497 4272 aqueae
517 4207 811 4271 -sssrs,d.stusrs,a
830 4248 860 4258 -
878 4213 1096 4270 montosa..
1111 4203 1225 4268 parlante

123 4264 177 4321 utu
187 4277 279 4329 videtur
286 4277 388 4342 possent
398 4275 536 4340 scripsisse
555 4316 585 4325 -
596 4273 684 4339 sauls,
694 4291 719 4325 s.
728 4273 810 4339 fusile
821 4282 862 4335 sss,
874 4274 928 4353 Td·
